3016 5580
505 601 548 680 67
787 594 1050 664 ΗΛΙΟΔΩΡΟΣ

504 796 617 883 ὥσπερ
637 793 736 865 ίύύκιι
757 793 883 884 καιρίως
897 791 1108 884 γεγενημένον
1121 791 1173 864 καί
1189 790 1273 882 πρὸς
1285 791 1330 864 τὸ

506 928 711 1002 ἀνέλπιστον
730 930 868 1013 ἐνδόντα,
891 930 921 1008 ἔς
940 962 980 1003 τι
1000 928 1059 1014 τίιν
1082 929 1193 1016 λίμνην
1216 931 1331 1003 ἑαυτὸν

506 1068 644 1139 καθέντα
667 1066 720 1139 καί
748 1068 854 1157 βολῆς
881 1067 974 1146 ε’κτός
1002 1067 1153 1159 ίμπειρία
1182 1073 1245 1140 τοῦ
1271 1076 1332 1139 νεῖν

505 1203 673 1285 ἇναδύνι-α,
688 1207 840 1293 χαλεπῶς
858 1235 898 1275 τε
918 1201 1001 1294 πρός
1021 1202 1063 1276 τὸ
1079 1204 1158 1281 ἕλος
1171 1198 1330 1290 ἆπανηξύ-

504 1371 596 1424 μενον
615 1340 667 1411 καί
688 1345 784 1411 ταῦτ’
801 1339 923 1418 ούδενὸς
941 1340 1000 1421 τὴν
1020 1341 1180 1428 έπιὸίωξιν
1197 1340 1330 1432 φρονπί·

504 1507 631 1554 σαντος.
676 1475 767 1558 Ἤδη
787 1474 855 1566 γὰρ
875 1475 936 1547 τὸν
955 1478 1079 1563 Θύαμιν
1100 1474 1257 1567 ᾖρήκεσαν
1279 1475 1330 1548 καί

505 1613 587 1695 νίκην
597 1613 779 1703 ὁλόκληρον
788 1613 847 1696 τὴν
858 1612 923 1692 ένός
930 1613 1043 1703 ιἰνδρός
1052 1621 1172 1685 ἅλωσιν
1180 1617 1329 1703 ἡγοῦντο.

504 1748 572 1819 Καί
582 1751 757 1827 τοσούτοις
766 1758 837 1827 τοῖς
852 1749 973 1838 φιλίοις
987 1746 1146 1827 ἔλιίττους
1156 1751 1333 1840 γεγονότες

505 1885 606 1956 πλέον
620 1886 751 1975 ἔχαιρον
765 1884 825 1958 τὸν
847 1886 1023 1976 αύτύχειρα
1039 1887 1140 1976 ζῶντα
1162 1888 1331 1976 περιέπον·

503 2052 558 2100 τις
582 2021 600 2104 ἦ
622 2021 698 2100 τούς
724 2023 854 2100 οἰκείους
875 2023 1026 2114 ᾤκτειρον
1048 2024 1329 2112 ἇποβεβληκόπες.

505 2157 709 2248 Ούτως·ιί’ρα
738 2165 876 2245 λῃσταῖς
905 2158 957 2229 καί
987 2164 1105 2248 ψυχῶν
1130 2162 1233 2231 αύτῶν
1257 2162 1331 2233 ἔστι

505 2299 661 2383 χρήματα
688 2297 919 2386 προτιμότερα
945 2294 997 2367 καί
1023 2294 1067 2368 τὸ
1093 2297 1205 2386 φιλίας
1230 2297 1332 2382 ὄνομα

495 2431 555 2503 καί
582 2432 772 2522 συγγενείας
801 2432 884 2523 πρὸς
909 2439 941 2504 ἓν
966 2433 1008 2505 τὸ
1037 2433 1147 2525 κέρδος
1176 2435 1328 2525 ὁρίζεται.

501 2567 560 2647 Ὡς
571 2574 607 2652 δὴ
622 2568 673 2640 καί
689 2572 822 2647 τούτοις
836 2571 1024 2658 συνέβαινεν.
1057 2573 1261 2662 Ἐτύγχανον
1273 2571 1333 2658 μέν

503 2702 572 2795 γὰρ
593 2705 682 2783 ὄντες
700 2711 764 2777 τῶν
784 2704 844 2777 τὸν
864 2707 988 2791 θύαμιυ
1007 2706 1058 2777 καί
1079 2707 1156 2786 τούς
1172 2707 1230 2779 σύν
1245 2709 1333 2801 αύτῷ

504 2837 588 2912 κατὰ
604 2839 664 2918 τὰς
680 2840 944 2930 Ἠρακλεωτικὰς
958 2842 1099 2929 ἐκβολὰς
1113 2841 1329 2933 ἀποδράντων.

547 2978 629 3049 ΑΓ’.
679 2981 982 3070 Ἀγανακπίσανπες
1006 2981 1034 3050 δ’
1060 2978 1114 3050 ὅτι
1140 2985 1204 3051 τῶν
1230 2981 1333 3054 ἄλλο·

503 3114 601 3205 τρέων
612 3115 788 3205 ε’στέρηιτο
799 3114 851 3187 καί
863 3114 922 3198 τὴν
936 3115 1108 3206 ἆφαίρεσιν
1122 3121 1185 3188 τῶν
1198 3119 1330 3201 σκύλων,

503 3254 542 3330 ὡς
554 3252 637 3323 ίδίων
648 3257 936 3343 περιαλγήσαντες,
948 3255 1024 3332 τούς
1033 3257 1064 3325 θ’
1076 3256 1333 3345 ὑπολειφθέντας

504 3390 607 3459 αύτῶν
622 3389 702 3459 οίκοι
719 3385 952 3476 συλλεξάμενοι
968 3389 1020 3461 καί
1035 3388 1095 3469 τὰς
1110 3392 1209 3481 πέριξ
1217 3395 1333 3480 ὁμοίως

503 3527 607 3609 κιύμας
627 3523 905 3610 ἐπικαλεσάμενοι,
928 3525 982 3596 ε’πί
1004 3526 1103 3620 ὁμοίᾳ
1123 3528 1175 3599 καί
1196 3529 1251 3616 ’ίση
1268 3537 1332 3604 τῶν
