3016 5580
556 583 591 630 12
835 563 1097 632 ΗΛΙΟΔΩΡΟΣ

550 767 620 836 τοῖς
634 757 703 829 (ῖπό
718 766 775 840 τῆς
795 760 905 843 λι’μνης
926 759 1034 848 ἰχθύσι
1054 758 1137 848 πρὸς
1154 764 1245 842 ἥλιον
1266 759 1373 830 όπτιο·

549 871 654 954 μένοις
682 871 838 960 ἐκτρέφει.
894 870 1033 960 Ἕρπειν
1062 875 1090 940 δ’
1125 871 1319 960 ὀρεγόμενον
1347 871 1375 940 αι’

552 982 714 1064 αἴσθοιτο,
745 979 862 1067 ι’μόνπιι
887 987 950 1054 τῶν
976 987 1105 1073 σφυρῶν
1130 979 1269 1073 ι’ξόψας,
1297 983 1376 1054 ὅσον

551 1096 603 1166 ἔπ’
617 1092 716 1185 ι’ῖκρου
727 1102 790 1168 τοῦ
803 1093 974 1185 σκιῖφουςῆ
989 1104 1046 1178 τῖης
1059 1099 1172 1174 καλιιῖς
1188 1095 1376 1186 προβαίνειν

551 1207 731 1298 ε’πᾶιριψε,
754 1208 859 1280 καινόν
884 1240 957 1280 τινα
979 1208 1187 1298 χειραγωγὸν
1210 1206 1295 1298 αὐτῷ
1317 1206 1377 1280 τόν

552 1317 670 1404 δεσμόν
691 1326 755 1391 τοῦ
775 1319 875 1399 ποδὸς
896 1321 1083 1402 ἐπιστήσας.

599 1430 658 1511 ς’.
707 1432 776 1505 Καῖ
789 1433 854 1504 ποιῖ
868 1465 919 1510 τις
937 1433 1100 1522 βουκόλος
1116 1431 1191 1523 ἆνῖηρ
1206 1433 1324 1522 ε’τέχθη
1341 1437 1374 1503 τ’

553 1545 635 1633 ἔντη
644 1545 739 1632 λῖμνη
750 1544 802 1616 καῖ
814 1545 942 1636 τροφόν
950 1548 1029 1634 ἔσχε
1039 1547 1160 1628 ταύτην
1168 1546 1220 1616 καῖ
1231 1546 1377 1636 πατρίδα

554 1657 613 1740 την
622 1658 733 1743 λίμνην
743 1659 894 1743 ῖνόμισιν,
909 1658 1010 1742 ι’κανῖην
1020 1659 1062 1742 δὲ,
1077 1662 1232 1750 φρούριον
1246 1660 1379 1750 ἰσχυρὸν

555 1772 630 1840 εἶναι
661 1776 815 1857 λῃσταῖς·
848 1770 898 1841 διὸ
925 1771 976 1840 καῖ
1006 1781 1121 1860 συρρεῖ
1148 1773 1201 1841 ἐπ’
1234 1771 1330 1853 αῖτῖην
1360 1772 1378 1839 ὁ

554 1888 705 1959 τοιοῦτος
717 1881 804 1967 βίος,
817 1881 865 1970 τῷ
879 1880 937 1966 μὲν
951 1886 1042 1953 ὕδατι
1061 1878 1178 1959 πάντες
1192 1883 1257 1953 ὅσα
1277 1882 1377 1970 τείχει

554 1995 719 2082 χρώμενοι,
733 1991 793 2065 τόν
807 1992 841 2063 δὲ
853 1993 957 2064 πολῖιν
971 1991 1056 2064 κατὰ
1071 1993 1114 2066 τό
1130 1995 1148 2063 ῖ
1151 2002 1209 2071 λος
1222 1991 1375 2075 κάλαμον,

555 2104 626 2174 ἆντῖ
656 2106 893 2192 χαρακώματος
922 2103 1206 2193 προβεβλημένοι·
1246 2102 1380 2181 σκολιῖις

555 2211 623 2304 γόρ
653 2245 741 2293 τινας
769 2212 938 2304 ιἰτραποῖνς
962 2215 1133 2300 ταμόμενοι
1160 2214 1212 2285 καῖ
1239 2221 1381 2292 πολλοῖς

555 2328 704 2416 ἑλιγμοῖς
719 2327 971 2410 πεπλανημένας,
989 2327 1039 2398 καῖ
1061 2326 1158 2416 σφῖσι
1179 2324 1236 2411 μῖν
1256 2322 1308 2397 διὰ
1322 2326 1381 2409 τὴν

556 2443 673 2528 γνῶσιν
695 2437 833 2530 ῥᾴστας,
857 2447 929 2516 τοῖς
950 2442 978 2507 δ’
1002 2437 1117 2517 ἄλλοις
1139 2437 1281 2528 ἀπόρους
1305 2439 1381 2516 τοῖς

556 2550 725 2626 διέκπλους
735 2546 1041 2630 κατασκινόσαντες,
1053 2551 1215 2640 μέγιστον
1228 2551 1380 2639 όχόριυμα

501 2693 503 2703 ’
556 2661 639 2749 πρὸς
649 2659 691 2731 τό
706 2660 750 2744 μῖη
762 2661 800 2730 ἅν
813 2692 847 2731 τι
865 2663 979 2731 παθεῖν
993 2660 1031 2746 ἐξ
1043 2662 1217 2749 ἐπιδρομῆς
1227 2662 1379 2748 ἐμηχανη-

556 2802 667 2843 σαντο.
716 2771 781 2842 Καὶ
797 2769 841 2843 τῖι
856 2769 913 2856 μῖν
927 2769 1012 2842 κατὰ
1027 2770 1086 2853 τὴν
1102 2771 1214 2855 λῖμνην
1232 2771 1284 2841 καῖ
1305 2770 1382 2850 τοὺς

555 2884 750 2960 ἐνοικοῦντας
765 2883 796 2952 ἕν
811 2881 893 2970 αὐτῇ
907 2882 1089 2971 βουκόλους
1103 2880 1164 2973 ᾦδιὲ
1177 2914 1242 2960 πιυς
1255 2884 1331 2976 ἔχει.

598 2992 647 3064 Z'.
687 2992 778 3075 Ἤδη
807 2998 835 3063 δ’
873 2993 966 3077 ἡλῖου
996 2992 1079 3083 πρός
1108 2991 1229 3078 δυσμὰς
1264 2994 1379 3074 ι’όντος,

555 3105 760 3195 ιἰφικνοιῖνπαι
771 3103 854 3194 πρός
864 3106 960 3189 αὖτῖην
970 3113 1003 3177 οῖ
1009 3104 1094 3195 ἆμφῖ
1104 3104 1164 3178 τόν
1173 3104 1378 3195 λὴσταρχον·

556 3217 608 3288 καῖ
621 3225 655 3288 αι’
666 3224 724 3303 μὲν
737 3222 801 3288 τῶν
817 3221 846 3289 θ’
862 3218 970 3289 ἰ’ππων
984 3218 1193 3306 ιἰπεθῖβαζον
1207 3217 1283 3295 τοῖς
1299 3219 1383 3297 νέους

557 3328 608 3400 καῖ
631 3328 691 3412 την
711 3329 801 3399 λεῖον
822 3328 1000 3402 ἕνετῖθιντο
1021 3338 1093 3407 τοῖς
1114 3325 1281 3418 σκάφεσιν,
1306 3331 1324 3399 ὁ
1348 3328 1381 3400 δὲ

558 3439 661 3518 πολὺς
693 3444 756 3512 τῶν
792 3447 877 3513 κατὰ
913 3443 1021 3530 χώραν
1052 3436 1221 3524 μεινόνπων
1254 3445 1383 3528 ληστῖιν

558 3553 680 3637 ὅμιλος,
705 3550 808 3630 ἄλλος
832 3551 974 3638 ἄλλοθεν
996 3557 1058 3622 τοιῖ
1083 3556 1175 3631 ἕλους
1198 3550 1291 3632 ἕκδῖνς,
1315 3551 1381 3623 ιἰνε·
