3016 5580
506 611 548 676 93
787 588 1051 658 ΗΔΙΟΔΩΡΟΣ

506 786 733 867 ἆποππῦοντα,
750 785 909 876 ε’γνιδρισέ
917 788 950 856 τ’
967 786 1044 855 εἶναι
1060 780 1227 868 Θυάμιδος,
1243 784 1334 872 βαθύ
1386 841 1389 849 ,

506 955 541 996 τι
564 922 615 995 καί
638 923 754 1007 βύθιον
774 918 931 1008 στενάξας
952 922 1003 992 καί
1026 920 1069 993 τδ
1091 921 1230 1012 γεγονδς
1248 920 1335 1000 ὅπως

506 1062 590 1150 εἶχεν
611 1058 783 1148 ἀμηχανῶν,
808 1059 910 1149 ἆχλιίΐ
930 1058 981 1129 καί
1004 1057 1085 1149 σιγῇ
1107 1055 1256 1148 κάτοχος,
1278 1057 1333 1129 ε’πί

506 1196 548 1269 τδ
569 1195 710 1280 στόμιον
728 1196 876 1268 ἀνεδύετο
896 1202 959 1268 τοῦ
978 1194 1146 1278 σπηλαίου
1167 1193 1219 1266 καί
1242 1200 1335 1284 παρὰ

506 1333 549 1404 τδ
576 1337 671 1416 σῶμα
696 1340 753 1413 τῆς
778 1333 915 1416 κειμένης
942 1338 1028 1414 ἥκων,
1056 1329 1176 1409 ἐπιθείς
1201 1362 1240 1404 τε
1264 1339 1336 1409 τοῖς

507 1469 655 1557 στέρνοις
679 1467 737 1550 τὴν
763 1466 912 1557 κεφαλὴν,
932 1464 981 1535 Ὦ
1004 1466 1124 1554 θίσβη,
1148 1467 1258 1557 έλεγε,
1282 1465 1335 1538 καί

507 1612 612 1677 τοῦτο
627 1600 788 1681 πολλάκις
802 1602 853 1673 καί
876 1603 978 1674 πλέον
993 1603 1094 1674 οὐδέν·
1120 1604 1173 1681 ἕως
1192 1604 1336 1687 τοῦνομα

509 1748 595 1812 κατὰ
614 1741 711 1829 μέρος
730 1740 919 1824 άποπέμνων
938 1740 990 1810 καὶ
1009 1737 1093 1811 κατά
1107 1739 1222 1830 μικρδν
1236 1739 1335 1811 ε’κλεί-

510 1909 585 1959 πων,
602 1879 721 1948 ἔλαθεν
736 1879 778 1955 είς
792 1883 889 1948 ὕπνον
904 1878 1057 1960 ε’μπεσιδν.

552 2013 622 2084 IE'.
673 2013 725 2104 Τῷ
755 2011 788 2084 δέ
817 2013 969 2102 Θεαγένει
1000 2013 1050 2083 καί
1082 2013 1125 2099 τῇ
1155 2013 1338 2104 Χαρικλείᾳ

507 2146 633 2234 συνάμα
659 2148 706 2239 τῷ
732 2151 875 2233 Κνήμωνι
904 2145 1031 2220 πάντων
1052 2149 1154 2220 ἔννοια
1178 2152 1335 2221 τῶνκαθ’

508 2286 639 2366 ἑαυτοὺς
664 2286 784 2377 άθρδον
809 2286 949 2374 ίπεισίςει
979 2285 1032 2358 καί
1058 2295 1194 2359 σκοπεῖν
1217 2287 1276 2371 μέν
1301 2318 1336 2359 τι

507 2426 720 2515 βουλομένοις
756 2425 897 2516 ε’ᾧκεσαν,
936 2430 1000 2496 τῶν
1036 2423 1070 2496 δέ
1108 2426 1338 2515 παρελθόντων

509 2564 664 2653 ἆλγεινῶν
678 2563 719 2634 τά
736 2567 862 2646 πλῆθος
877 2562 928 2634 καί
944 2568 1008 2634 τῶν
1023 2569 1196 2652 παρουσῶν
1209 2577 1337 2654 συμφα-

508 2704 572 2790 ρῶν
600 2699 642 2772 τδ
674 2699 801 2788 ἄπορον
829 2700 881 2770 καί
907 2704 971 2772 τῖον
1001 2700 1269 2790 προσδοκωμένων
1294 2698 1336 2771 τδ

510 2836 638 2920 ἄδηλον,
667 2836 787 2924 ε’ζδφου
816 2843 873 2917 τῆς
901 2841 1012 2925 ψυχῆς
1040 2835 1082 2907 τδ
1115 2836 1335 2925 λογιζόμενον.

510 2974 567 3052 Είς
577 2973 740 3055 άλλήλους
749 2971 783 3043 δὲ
791 2971 847 3043 ε’πί
859 2980 1021 3044 πλεῖστον
1029 2973 1129 3060 ἑώρων
1137 2971 1189 3042 καί
1202 2973 1340 3050 ἕκαστος

510 3109 570 3184 τδν
590 3112 702 3199 ἕτερον
721 3112 821 3181 εἰπεῖν
840 3141 874 3182 τι
896 3114 1093 3198 προσδοκῶν,
1110 3110 1171 3179 εἶτ’
1188 3109 1338 3199 ιἰποπνγ-

511 3242 612 3334 χάνων
641 3245 684 3322 είς
720 3253 781 3334 γῆν
816 3244 859 3316 τδ
897 3245 1035 3332 βλέμμα
1072 3245 1258 3334 ἐπέστρεφε
1286 3245 1337 3315 καί

510 3381 680 3457 διανεύσας
696 3382 783 3457 αδθις
797 3379 975 3461 άνέπνευσε,
988 3380 1162 3471 στεναγμῷ
1177 3380 1218 3452 ro*
1235 3377 1341 3458 πάθος

511 3517 729 3608 ἐπικουφίσας.
777 3517 845 3587 Καί
866 3518 976 3598 τέλος,
993 3517 1090 3587 κλίνει
1111 3522 1169 3600 μέν
1184 3514 1282 3588 αδτδν
1297 3519 1339 3595 είς

512 3656 570 3738 τὴν
593 3664 654 3745 γῆν
678 3657 696 3725 ὁ
721 3658 861 3740 Κνήμων,
889 3651 1015 3742 ὀκλάζει
1043 3659 1070 3724 δ’
1094 3653 1149 3725 ἐπί
1173 3655 1339 3743 πέτρονδ
