3016 5580
501 608 538 672 14
779 588 1041 657 ιικιοκονοῑ
1091 627 1094 634 ·

440 807 445 816 '
495 781 596 873 τάξας
616 788 667 858 καί
688 787 746 869 τίην
766 788 860 878 κόρην
880 789 1079 877 ἀνύβριστον
1100 787 1168 858 άπὸ
1193 784 1316 858 πάντων

495 922 734 1015 διαφυλάττειν.
782 926 890 1006 Αύτδς
910 925 944 998 δὲ
961 923 1094 1018 καμάτῳ
1109 958 1148 1000 τε
1161 934 1220 1009 τῆς
1234 928 1317 998 ὁδοι-

496 1063 613 1152 πορίας
626 1064 826 1153 βαρούμενος
839 1065 890 1135 καί
908 1064 1055 1154 φροντίδι
1072 1069 1135 1137 τῶν
1151 1064 1319 1160 παρόντων

495 1201 701 1288 συνεχόμενος
716 1203 799 1291 πρὸς
814 1208 910 1272 ὕπνον
924 1203 1124 1291 ἐτέτραπτο.
1183 1234 1186 1240 ·

540 1336 597 1405 H'.
640 1339 739 1441 Σιγῆς
749 1341 783 1405 δὲ
794 1335 836 1407 τό
847 1339 926 1413 ἕλος
937 1338 1135 1425 κατεχούσης
1145 1336 1199 1406 καί
1209 1335 1319 1414 νυκτός

496 1471 539 1546 είς
558 1473 689 1560 πριύτην
705 1472 847 1561 φυλακην
862 1473 1092 1563 προελθούσης,
1110 1472 1169 1553 τὴν
1189 1472 1319 1562 ἐρημίαν

495 1612 559 1679 τῶν
577 1607 785 1699 όχλησάντων
805 1611 956 1700 εὐπορίαν
975 1614 1018 1690 είς
1038 1614 1167 1701 θρήνους
1190 1619 1224 1682 οί
1244 1612 1317 1702 περί

495 1745 554 1829 την
564 1748 659 1836 κόρην
670 1744 868 1836 ἐλάμβανον·
887 1749 1088 1832 ιἰνακινούσης
1100 1751 1202 1830 αὐτῆς,
1218 1751 1316 1834 οἶμαι,

496 1883 662 1957 πλέοντά
683 1882 771 1968 πάθη
792 1894 849 1969 τῆς
869 1887 986 1968 νυκτὸς,
1009 1891 1063 1959 ἅτ’
1084 1888 1228 1972 οὐδεμιᾶς
1249 1888 1318 1958 οὔτ’

495 2021 589 2105 άκοῆς
604 2023 670 2095 οὔτ’
690 2024 798 2112 ὅψεως
811 2026 863 2113 ἐφ’
880 2024 993 2105 ἑαυτὴν
1013 2025 1217 2107 άντισπιύσης
1231 2022 1320 2095 άλλά

495 2160 581 2249 μόνῳ
610 2190 658 2250 τῳ
686 2165 841 2230 λυποῦντι
873 2156 1047 2249 σχολάζειν
1072 2161 1316 2249 ἐπιτρεπούσης.

496 2292 619 2366 Πολλά
635 2294 671 2378 δίη
688 2297 741 2366 οὖν
758 2296 963 2384 άνοιμιύξασα
982 2299 1053 2367 καθ’
1070 2295 1183 2379 ἑαυτὴν
1198 2301 1216 2380 ἡ
1231 2299 1317 2386 κόρη,

500 2434 692 2522 (κεχάριστο
713 2431 780 2523 γάρ
802 2441 905 2506 τοῦτο
928 2432 1141 2524 προσταχθὲν
1160 2434 1217 2505 ε’πί
1236 2466 1321 2513 τινος

496 2568 649 2656 χαμεύνης
674 2570 946 2652 κατακεκλιμὲνη,)
978 2569 1029 2640 καί
1056 2570 1135 2641 δσον
1161 2578 1322 2641 πλεῖστον

496 2705 748 2792 ἐπιδακρύσασα,
776 2705 964 2785 Ἀπολλον,
989 2705 1058 2792 ἔφη,
1082 2707 1121 2781 ὡς
1147 2704 1221 2775 λίαν
1243 2708 1322 2787 ἡμᾶς

496 2839 547 2909 καί
565 2842 760 2929 πικρότερον
774 2841 873 2927 άμύνη
888 2845 951 2912 τῶν
966 2837 1213 2929 ἁμαρτημάτων.
1243 2843 1319 2912 Ούδ

499 2973 586 3048 ι’κανά
601 3008 654 3049 σοι
672 2977 755 3067 πρὸς
769 2977 926 3067 τιμωρίαν
940 2983 984 3050 τδ
1000 2976 1227 3068 παρελθόιτα;
1244 2979 1321 3049 στὲ·

494 3147 586 3206 ρησις
604 3121 668 3188 τῶν
688 3116 813 3198 οἰκείων,
835 3115 887 3188 καί
908 3122 1181 3189 καταποντιστῶν
1203 3124 1321 3195 ἅλωσις

495 3253 546 3325 καὶ
568 3254 743 3324 θαλασσῶν
762 3253 874 3343 μυρίος
889 3255 1023 3331 κίνδυνος
1042 3253 1094 3324 καί
1116 3260 1244 3342 λησπῶν
1266 3255 1319 3325 ε’πί

495 3398 555 3482 γῆς
574 3395 630 3474 ἤδη
650 3391 785 3481 δευτέρα
805 3393 976 3481 σύλληψις
994 3390 1046 3462 καί
1063 3391 1243 3482 πικρότερα
1258 3397 1322 3464 τῶν

495 3529 527 3598 ε’ν
550 3527 648 3619 πείρᾳ
672 3525 716 3600 τά
744 3531 993 3618 προσδοκώμενα
1005 3555 1013 3609 ;
1049 3528 1099 3600 καί
1128 3539 1189 3599 ποῖ
1212 3537 1320 3602 ταῦτα

494 3672 644 3752 σπήσεις;
676 3668 706 3737 εί
728 3665 785 3751 μὲν
807 3668 850 3745 είς
873 3667 1013 3739 θάνατον
1035 3667 1240 3757 ἀνύβριστον,
1267 3668 1322 3752 ἡδύ
