3016 5580
512 551 574 597 100
789 531 1053 599 ΗΛΙΟΔΩΡΟΣ

508 758 560 804 τις
567 725 632 816 ἄρα
642 725 735 809 ἦσθα,
746 724 790 800 τδ
799 734 888 813 λῆμα
897 731 925 797 δ’
936 725 1180 816 δσθενέστερος·
1194 726 1336 818 γνωρίζω

509 870 540 936 δ’.
553 865 670 943 ἅλλοις
688 897 728 936 τε
748 863 802 937 καί
822 867 882 955 οὐχ
903 870 1021 948 ἥκιστα
1035 874 1107 944 τοῖς
1121 872 1177 938 νῦν.
1225 863 1336 938 Ἀλλὰ

509 1006 591 1095 θῆγε
616 1004 659 1076 τδ
687 1005 834 1095 φρόνημα
857 1004 909 1076 καῖ
937 1005 1020 1095 πρὸς
1044 1002 1087 1076 τδ
1113 1003 1336 1096 ἀνδρειότερον

510 1144 612 1232 ὄρθου
631 1140 690 1224 την
710 1144 841 1231 γνώμην.
888 1142 936 1213 Τὸ
956 1141 1013 1226 μέν
1030 1139 1099 1233 γὰρ
1116 1143 1222 1232 παρὸν
1236 1143 1336 1234 ιἰναγ·

511 1287 600 1350 καῖον
620 1283 707 1350 δοκεῖ
721 1285 804 1349 οὕτω
821 1279 1039 1361 συντίθεσθαι,
1056 1285 1119 1350 τοῦ
1131 1284 1175 1364 μή
1190 1311 1263 1350 τινα
1277 1285 1339 1351 τοῦ

512 1421 663 1505 δρασμοῦ
689 1415 806 1502 λαβεῖν
831 1413 931 1487 αὖτδν
956 1416 1108 1487 ὑπόνοιαν
1133 1415 1187 1486 καί
1211 1448 1340 1501 συμπο·

512 1554 662 1643 ρειίεσθαι
683 1552 742 1635 την
762 1553 900 1641 τριδτην,
921 1551 1003 1632 (δέος
1022 1549 1056 1622 δέ
1077 1555 1233 1634 δήπουθεν
1254 1549 1342 1623 οὐδέν

514 1691 647 1781 εἰνδπλιρ
657 1689 716 1771 την
729 1698 825 1779 χεῖρα
840 1688 970 1776 ξυνιέναι
987 1689 1104 1779 ξιφήρη
1120 1688 1171 1760 καῖ
1188 1705 1341 1780 πεφραγ-

514 1828 608 1913 μένον
637 1825 759 1908 αὑτὸν),
785 1833 899 1915 καιροῦ
926 1825 960 1896 δέ
986 1827 1171 1914 λαβόμενον
1200 1828 1342 1916 ἔγκατα·

516 1969 635 2052 λεῖψαι
657 1963 858 2034 διαλαθόντα
876 1961 926 2031 καῖ
942 1968 1024 2045 ἥκειν
1039 1967 1119 2051 παρ’
1135 1965 1222 2047 ἡμᾶς,
1241 1965 1343 2051 οδπερ

517 2107 554 2169 δν
573 2100 768 2183 σπενδώμεθα
815 2100 1006 2181 Συνθιδμεθα
1027 2096 1070 2179 δέ,
1087 2099 1118 2168 εἰ
1131 2103 1223 2179 δοκεῖ,
1241 2100 1345 2182 κιδμην

516 2233 589 2306 τινὰ
613 2234 761 2316 πλησίον,
787 2235 818 2304 εῖ
839 2265 885 2320 πη
908 2237 1097 2324 γιγνώσκεις
1120 2241 1244 2324 ἥμερον.
1296 2235 1345 2304 Εδ

517 2372 626 2462 λέγειν
654 2372 745 2458 ἔδοξε
773 2369 822 2463 τῷ
851 2373 1004 2455 Κνήμωνι,
1033 2369 1085 2442 καῖ
1115 2373 1244 2456 Χέμμιν
1268 2378 1342 2443 τινὰ

518 2512 620 2593 κιῖμην
640 2515 725 2580 οὕτω
745 2509 939 2592 καλουμένην
960 2509 1096 2598 ἔφραζεν
1116 2505 1284 2595 εὐδαίμονά
1305 2541 1345 2580 τε

519 2647 571 2717 καῖ
587 2642 843 2734 πολυάνθρωπον
856 2645 909 2715 καῖ
925 2654 997 2722 ταῖς
1012 2646 1125 2735 ὄχθαις
1138 2652 1200 2717 τοῦ
1219 2649 1252 2716 Ν
1254 2645 1346 2716 εῖλου

520 2783 603 2873 πρδς
628 2784 855 2871 ἐπιτειχισμὸν
877 2788 942 2854 τῶν
963 2783 1132 2871 βουκόλων
1157 2784 1212 2855 ε’πῖ
1236 2785 1347 2875 λόφου

520 2923 777 3013 παρῳκισμένην·
822 2922 955 3011 εἰπέχειν
989 2921 1024 2993 δέ
1053 2925 1258 3012 περαιωθεῖσι
1289 2923 1348 3006 τὴν

519 3061 638 3145 λίμνην,
650 3056 770 3131 στάδια
781 3061 817 3131 οδ
827 3058 945 3151 πολλῷ
956 3061 1132 3145 λειπόμενα
1141 3065 1206 3132 τῶν
1214 3062 1342 3133 ἑκατόν·

520 3204 583 3269 δεῖν
598 3203 625 3268 δ’
642 3198 731 3274 εὐθὺς
746 3197 829 3286 πρὸς
842 3198 1048 3286 μεσημβρίας
1063 3200 1203 3287 ὁρῶντας
1218 3199 1302 3270 ι’έναι.

564 3335 635 3403 ΙΘ’.
683 3336 843 3409 Χαλεπῶς
852 3332 917 3416 μέν,
931 3333 1129 3421 ιἰπεκρίνατο
1145 3336 1163 3403 δ
1179 3335 1345 3422 Θεαγένης,

522 3466 717 3556 Χαρικλείας
751 3495 792 3554 γε
826 3468 947 3548 ταύτης
980 3468 1075 3548 ἕνεκα,
1110 3473 1173 3538 τοῦ
1205 3468 1349 3556 βαδίζειν
1377 3473 1382 3485 ’

520 3603 723 3692 μακρότερον
744 3601 843 3684 ἆήθως
864 3603 1005 3691 ε’χοδσης,
1023 3604 1222 3689 ελευσόμεθο
1243 3609 1271 3675 δ’
1294 3606 1343 3676 οδε

523 3741 613 3826 δμως,
627 3741 669 3818 εῖς
681 3739 831 3830 πτωχοὺς
840 3740 893 3812 καί
908 3740 984 3819 τοὺς
998 3746 1049 3813 διδ
1064 3741 1191 3831 τροφίην
1202 3742 1349 3832 ἀγύρτας
