3016 5580
363 620 425 684 104
644 599 907 668 ΗΛΙΟΔΩΡΟΣ

360 802 423 869 τοῦ
445 797 577 887 τρόπον
601 795 767 875 τὸτέλος
789 803 1040 889 καταστρέψας.
1084 796 1128 870 Ὁ
1151 797 1188 872 δέ

360 950 502 1032 Κνήμων,
520 923 627 1030 ἐπειδὴ
647 947 706 1032 τὴν
724 947 825 1037 ιἰρχιλν
844 955 1006 1020 κατέλιπε
1025 948 1085 1022 τὸν
1104 950 1186 1041 θέρ-

360 1101 483 1184 μοοθιν,
504 1100 541 1170 ού
561 1098 725 1188 πρότερον
742 1099 901 1170 ἆνέπαυσε
920 1099 979 1181 την
1000 1105 1113 1190 φνγλν,
1129 1101 1187 1180 έιος

361 1247 405 1318 τὸ
425 1246 536 1325 νυκτὸς
555 1247 695 1318 έπελθύν
708 1254 823 1337 κνέφας
841 1249 994 1331 ἐπέδησαν
1008 1250 1112 1320 αύποιῖ
1127 1249 1188 1332 την

363 1397 473 1486 ὁρμήν·
492 1398 594 1468 αύτού
603 1397 633 1466 θ’
646 1397 895 1480 ούκατεέληπτο
907 1398 1006 1470 αύκύν
1017 1399 1189 1489 ε’γκρύψας

363 1546 491 1630 καὶτῆς
511 1543 676 1638 φυλλάδος
696 1547 775 1619 ὅσον
794 1555 957 1620 πλεῖστον
977 1550 1114 1630 ἠδύνατο
1133 1550 1186 1640 ἐφ’

364 1696 462 1770 αύτύν
481 1698 656 1782 έπαμήσας.
701 1696 785 1785 Ὑφ’
806 1696 826 1784 ᾗ
850 1698 988 1782 κείμενος
1006 1696 1187 1771 τὰπολλὰ

362 1845 420 1931 μέν
437 1846 554 1923 ἄϋπνος
573 1848 845 1937 ι’ταλαιπωρεῑτο,
863 1843 972 1919 πάντα
991 1847 1043 1919 καὶ
1065 1850 1189 1921 κτύπον

363 1996 416 2067 καὶ
435 1996 552 2080 ἀνέμου
569 1997 667 2083 ριπῆν
687 1995 738 2067 καὶ
760 1999 889 2085 φύλλον
908 1997 1026 2079 κένησιν
1043 2002 1186 2088 θέρμου·

364 2146 413 2214 θιν
440 2144 618 2231 ἡγούμενος.
676 2144 721 2213 Εἰ
744 2145 779 2214 δέ
804 2175 869 2214 που
892 2144 943 2214 καὶ
967 2143 1053 2215 κατὰ
1073 2147 1188 2235 μικρὸν

363 2290 529 2373 ε’κνικηθεέη
545 2288 627 2379 πρὸς
641 2297 748 2372 ύπνον,
766 2292 895 2381 φεύγειν
909 2292 1008 2363 ε’δύκει
1030 2293 1081 2364 καὶ
1098 2293 1188 2378 θαμὰ

364 2439 448 2531 πρὸς
467 2436 512 2512 τὰ
531 2440 671 2512 κατόπιν
691 2442 879 2530 ὑπέστρεφε
900 2441 951 2512 καὶ
977 2443 1186 2531 περιεσκόπει

364 2592 424 2663 τὸν
436 2593 577 2677 ούδαμού
591 2594 742 2663 διώκοντα
754 2590 805 2661 καὶ
820 2591 1021 2679 βουλόμενος
1030 2595 1190 2665 καθεύδειν

364 2740 532 2831 ἆπηύχεπο
565 2741 657 2812 τοῦθ’
689 2739 708 2812 ὃ
743 2741 914 2828 ἐβούλετο,
945 2743 1190 2832 χαλεπωτέροις

365 2891 498 2980 ύνεέροις
520 2899 578 2972 τῆς
600 2890 750 2973 ἀληθείας
774 2887 981 2981 έντνγχύνων.
1036 2893 1129 2981 Πρός
1150 2925 1190 2967 τε

365 3041 424 3123 τὴν
449 3042 546 3112 νύκτα
572 3040 622 3110 καὶ
647 3036 853 3130 χαλεπαένειν
875 3040 958 3130 έῲκει
984 3043 1190 3132 μακροτέραν

365 3196 430 3264 τῶν
450 3190 558 3260 ἄλλων
579 3190 814 3274 ὑποτιθέμενος.
863 3189 922 3267 Ὡς
942 3189 975 3260 δέ
995 3190 1046 3261 καὶ
1072 3194 1190 3282 ἡμέραν

365 3338 501 3420 ἅσμενος
520 3336 592 3415 εέδε,
610 3341 725 3423 πρῶτα
745 3337 802 3418 μέν
822 3337 995 3418 ύπιντέμνει
1017 3347 1075 3418 τῆς
1094 3342 1191 3422 κόμης
