3016 5580
302 627 360 690 ¹23
580 608 843 678 ΗΛΙΟΔΩΡΟΣ

299 801 432 888 πλάνην,
455 804 506 876 καὶ
527 807 693 878 συνελόντι
716 810 780 878 τῶν
801 810 875 878 κατ’
897 807 1073 899 Αἴγυπτον
1093 811 1126 878 ἓν

300 928 388 1003 οὐδὲν
414 930 640 1017 άπελίμπανον
668 939 881 1022 ἱστοροῦντες.
936 933 1126 1023 Αίγύπτιον

299 1054 367 1147 γάρ
400 1056 548 1142 άκονσμα
579 1056 631 1128 καί
667 1064 806 1149 διήγημα
842 1061 907 1129 πάν
938 1057 1126 1142 Ἑλληνικῆς

298 1195 392 1278 άκοῆς
413 1196 685 1286 ἐπαγωγότατον.

342 1319 436 1390 ΚΗ’.
483 1321 587 1398 Τέλος
602 1321 638 1391 δέ
655 1352 741 1392 ποτε
755 1321 807 1391 καί
824 1321 898 1409 περὶ
919 1328 983 1391 τοῦ
1001 1321 1128 1392 Νείλου

274 1436 350 1514 ’καί
372 1443 455 1522 τίνες
473 1442 531 1529 μὲν
552 1445 639 1535 αὐτῷ
655 1444 769 1535 πηγαὶ,
787 1445 838 1523 τίς
858 1450 885 1515 δ’
902 1449 920 1528 ἦ
940 1442 1031 1535 παρὰ
1051 1444 1128 1522 τοὺς

299 1567 421 1647 ἄλλους
441 1569 611 1655 ποταμοὺς
633 1567 797 1657 ι’διάζουσα
819 1571 913 1660 φύσις
933 1569 983 1641 καὶ
1007 1569 1128 1641 ὁπόθεν

299 1699 358 1776 τὴν
374 1693 496 1783 θερινὴν
509 1698 593 1783 ὥραν
606 1695 703 1780 μόνος
713 1699 777 1767 τῶν
792 1691 919 1767 πάντων
930 1702 1125 1785 πλημμυρεῖ,

301 1823 413 1889 πεῦσίν
441 1849 493 1896 τις
521 1818 591 1903 ἐμοὶ
623 1828 776 1909 προσῆγε
808 1824 872 1891 τῶν
901 1820 1123 1909 ἆστειοτέρων.

303 1945 408 2028 Ἐμοῦ
429 1948 457 2013 δ’
480 1949 565 2032 άπερ
590 1943 788 2033 ε’γίγνωσκον
812 1946 963 2022 εἰπόντος
986 1945 1038 2016 καί
1063 1945 1127 2016 ὅσα

302 2066 378 2155 περί
415 2074 476 2138 τοῦ
513 2075 669 2151 ποταμοῦ
703 2069 827 2138 τούτου
862 2068 1000 2155 βίβλοις
1031 2076 1129 2156 ιἐραῑς

301 2191 556 2279 ἐγγεγραμμένα
585 2189 694 2273 μόνοις
724 2199 795 2267 τοῖς
830 2199 1046 2280 προφητικοῖς
1075 2191 1126 2260 καί

301 2316 491 2404 γιγνώσκειν
528 2313 579 2383 καί
617 2314 866 2403 ἀναγιγνώσκειν
901 2314 1028 2401 ἔξεστι·
1075 2313 1126 2384 καί

301 2437 488 2515 διελθόντος
502 2440 541 2516 ὡς
560 2444 620 2514 τὰς
638 2437 696 2524 μὲν
713 2437 816 2528 ἀρχὰς
831 2440 865 2509 ἐκ
879 2442 943 2510 τῶν
955 2437 1014 2523 μὲν
1027 2437 1129 2528 ἅκρων

300 2572 357 2645 τῆς
367 2564 543 2640 Αἰθιοπίας
551 2560 698 2651 ἐσχάτων
709 2562 743 2633 δὲ
754 2572 811 2644 τῆς
822 2565 944 2650 Λιβόης
955 2561 1123 2649 λαμβάνει,

300 2689 371 2757 καθ’
389 2688 520 2775 ὃμέρος
539 2686 582 2758 τὸ
603 2687 704 2770 κλίμα
724 2686 768 2757 τὸ
788 2686 982 2757 ἀνατολικὸν
1003 2686 1127 2768 άπολῆ·

299 2841 361 2899 γον
383 2810 483 2899 ἀρχὴν
507 2809 548 2895 τῇ
572 2810 761 2902 μεσημβρίᾳ
783 2809 914 2891 δίδωσιν,
938 2810 1069 2897 αὔξεται
1091 2809 1126 2882 δὲ

300 2933 386 3007 κατὰ
406 2935 464 3017 τὴν
484 2934 605 3023 θερινὴν
623 2940 715 3023 ὤραν,
740 2936 800 3024 οὐχ
819 2939 859 3012 ὥς
880 2966 962 3013 τινες
985 2935 1130 3026 ᾠήθησαν

301 3059 385 3147 πρὸς
399 3063 463 3130 τῶν
477 3060 611 3141 ἐτησίων
624 3058 755 3148 ἆντικρὺ
774 3058 932 3130 πνεόντων
946 3058 1129 3131 άνακοππό·

301 3214 400 3268 μενος,
419 3183 497 3252 ἁλλ’
515 3184 616 3253 αότῶν
631 3183 667 3265 δὴ
685 3185 810 3253 τούτων
825 3186 888 3253 τῶν
908 3182 1026 3266 ἆνὲμων
1045 3181 1130 3255 κατά

301 3307 429 3395 τροπὴν
444 3306 502 3387 τὴν
517 3306 639 3394 θερινὴν
659 3306 728 3375 ἀπὸ
748 3312 812 3377 τῶν
831 3306 979 3394 ἀρκτῴων
999 3307 1054 3376 ε’πί
1072 3307 1131 3388 τὴν

302 3429 509 3516 μεσημβρίαν
546 3432 612 3497 πᾶν
648 3430 742 3517 νέφος
778 3429 974 3500 ἐλαυνόντων
1010 3461 1049 3501 τε
1078 3430 1129 3500 καὶ

303 3555 474 3632 ὠθούντων,
507 3553 560 3629 ἕως
590 3551 643 3622 ἐπὶ
674 3551 733 3632 τὴν
769 3554 1006 3636 διακεκαυμένην
1039 3552 1131 3641 ζώνην

302 3673 469 3763 συνάξωσι,
492 3679 563 3747 καθ’
588 3683 623 3759 ἣν
644 3684 702 3758 τῆς
725 3675 843 3764 πρόσω
865 3679 968 3765 φορᾶς
990 3675 1129 3747 ἀνακόπ-

303 3832 419 3873 τονται
437 3805 476 3871 δι’
495 3800 683 3889 ὑπερβολὴν
696 3806 759 3872 τοῦ
773 3799 847 3888 περί
863 3796 907 3872 τά
927 3801 1008 3890 με’ρη
1026 3803 1130 3891 πυριά-
