3016 5580
302 597 363 658 103
584 574 846 643 ΗΛΙΟΔΩΡΟΣ

299 772 345 851 δὶς
368 771 419 844 καὶ
445 771 562 861 τρίτον
586 769 809 853 ε’παληθεδσας
832 769 924 860 ῶφθη
948 767 1000 840 καὶ
1024 799 1126 841 κατα·

299 906 477 1000 λαμβάνειν
491 912 643 1000 χαλεπῶς
657 909 778 999 ἔλεγεν.

343 1049 396 1122 K'.
426 1048 483 1126 Ὡς
491 1053 518 1119 δ’
529 1045 720 1125 εἶςέθοςτδν
728 1047 916 1136 Αἰγύπτιον
925 1046 1125 1136 ένεβέβασεν,

302 1188 402 1258 ἔλαθε
421 1186 464 1257 τδ
483 1192 674 1256 τελευταῖον
694 1183 899 1268 έναπομείνας
916 1182 968 1254 καὶ
985 1184 1069 1273 πρὸς
1081 1181 1128 1255 τῶ

301 1325 519 1413 χαλεπώτερα
548 1325 610 1391 τοῦ
639 1316 755 1395 διέσους
782 1315 867 1390 κατὰ
899 1325 962 1389 τοῦ
990 1326 1131 1408 πρανοῶς

303 1457 401 1530 αὑτὸν
412 1461 451 1535 ῶς
462 1459 530 1546 εἶχε
543 1452 666 1546 τάχους
680 1453 815 1544 ἐπαφεὶς
826 1454 1030 1544 διεδίδρασκε.
1059 1455 1128 1526 Καὶ

302 1597 321 1666 δ
335 1594 400 1681 μέν,
414 1593 522 1676 έπειδή
539 1592 622 1682 πρὸς
635 1600 708 1670 ταῖς
723 1590 907 1681 ἆκριορεέαις
922 1592 1054 1682 ἐγένετο
1067 1599 1134 1666 τοῶ

303 1733 396 1821 ὅρους
406 1730 558 1802 ἆνέπαυεν
570 1728 669 1802 αι’κτδν
680 1728 738 1800 ε’πέ
746 1758 834 1805 τινος
844 1728 976 1817 πέτρας,
989 1728 1131 1818 ἑσπέραν

304 1867 409 1942 τεκαὶ
425 1868 522 1938 νύκτα
539 1866 702 1950 ἆναμένιον,
716 1867 788 1936 καθ’
801 1870 837 1948 ήν
846 1865 1010 1937 συνέκειτο
1021 1867 1133 1943 αὐτοῖς

303 2012 431 2088 ήκουσιν
460 2006 503 2081 εἷς
527 2003 586 2085 τήν
614 2007 718 2087 κώμην
746 2000 792 2074 τὰ
821 2001 897 2090 περὶ
923 2001 984 2076 τῶν
1008 2004 1134 2087 Θύαμιν

305 2147 597 2229 πολυπραγμονεῖν
624 2137 675 2208 καὶ
707 2145 775 2222 ἅμα
805 2137 857 2207 καὶ
887 2136 947 2208 τδν
976 2141 1132 2220 Κνήμωνα

305 2278 519 2365 περισκοπῶν,
545 2273 577 2343 εἴ
600 2279 645 2356 πή
672 2276 750 2344 ποτ’
777 2272 914 2343 ἐπέλθοι
940 2271 1065 2361 βουλήν
1090 2274 1134 2351 εἷς

306 2413 405 2485 αὖτὸν
429 2412 618 2496 ποιούμενος
640 2408 867 2497 ἀτοπωτέραν·
901 2410 938 2479 οὗ
963 2404 1032 2498 γῶρ
1055 2409 1130 2481 ιἰνέει

304 2558 362 2633 τῆς
376 2550 501 2638 γνώμην
520 2547 562 2618 τὸ
578 2548 622 2624 εἷς
637 2545 735 2618 αὐτὸν
750 2552 903 2616 ὕποπτον
917 2548 956 2623 ὡς
975 2546 1132 2618 ιἰνελόντα

304 2684 363 2768 τήν
378 2683 506 2771 Θίσβην
515 2682 568 2753 καὶ
581 2682 667 2758 ὅπως
680 2680 718 2751 ἄν
738 2683 799 2764 [οἱ]
820 2710 905 2752 ποτε
917 2685 1134 2769 διαχρήσαιτο

305 2824 427 2903 ἐνενόει,
439 2822 611 2892 ἐπιθέσθαι
623 2852 663 2892 τε
673 2817 758 2905 μετὰ
773 2825 894 2891 τοῦτον
909 2818 959 2890 καὶ
975 2818 1132 2908 τοῖςπερὶ

306 2961 366 3033 τὸν
378 2960 538 3048 Θεαγένην
549 2959 682 3030 έλῦττα.
712 2955 771 3035 Ὡς
785 2961 813 3026 δ’
830 2957 849 3027 δ
863 2961 997 3041 Κνήμων
1011 2955 1134 3046 ἐφαίνε-

306 3131 350 3172 το
366 3101 516 3183 οὐδαμοῦ,
533 3104 590 3179 τῆς
601 3095 634 3167 δὲ
649 3095 761 3172 νυκτὸς
778 3094 932 3185 έγέγνετο
946 3095 1033 3184 ἆιορὶ,
1052 3095 1136 3186 πρὸς

306 3244 403 3309 ὕπνον
422 3234 560 3325 τραπεὶς
580 3236 599 3304 δ
620 3233 809 3322 Θέρμουθις,
829 3229 969 3321 χάλκεόν
988 3263 1062 3303 τινα
1082 3231 1134 3303 καὶ

307 3374 458 3455 πύματον
487 3376 585 3439 ὕπνον
614 3369 771 3447 εἵλκυσεν,
804 3367 943 3444 ἇσπίδος
977 3372 1131 3456 δήγματι,

304 3512 423 3596 μοιρῶν
445 3503 536 3595 τάχα
558 3506 724 3592 βουλήσει,
743 3502 828 3592 πρδς
848 3504 903 3573 οδκ
925 3499 1134 3591 ιἰνιὶρμοστον
