3016 5580
384 557 443 622 ¹07
671 541 935 609 ΗΑΙΟΔΩΡΟΣ

374 731 502 817 Ἕλλην
522 733 555 805 ἐν
575 735 752 827 Αῖγόπτερ;
782 735 919 808 Γελοῖόν
938 741 983 829 γ’,
1000 738 1062 829 ἔφη
1082 739 1101 809 ό
1122 741 1205 823 Κνά-

379 916 453 969 μων,
481 888 545 957 τῶν
570 882 638 977 γῖιρ
663 882 749 958 κατὰ
777 887 902 960 σαυτόν
931 887 1019 962 οόόῖν
1043 886 1207 980 ε’κὸιόόξας

381 1036 546 1127 πρότερος
580 1036 631 1108 καῖ
666 1044 774 1111 ταῦτα
813 1040 989 1130 ε’ρωτηθεῖς,
1026 1046 1089 1114 τῶν
1125 1042 1207 1124 ε’μΐον

381 1191 498 1275 γνῶσιν
527 1188 692 1275 ἐπιζητεῖς.
754 1191 882 1272 Οὐκοῦν,
913 1191 933 1273 ἦ
963 1196 990 1263 δ’
1022 1192 1064 1274 ός,
1096 1193 1206 1276 ε’πειόῖη

375 1333 514 1417 Ἕλληνι
549 1337 653 1414 ἔοικας
686 1338 775 1427 ιῖνόρῖ
810 1338 863 1409 καῖ
898 1338 940 1409 σέ
972 1370 1023 1418 τις
1056 1342 1096 1418 ὡς
1124 1342 1207 1413 ἔοικε

381 1484 658 1572 μετασχηματίζει
679 1485 763 1574 τόχη
783 1485 835 1557 καῖ
857 1484 983 1566 πόντως
999 1494 1044 1560 τὰ
1065 1489 1207 1578 ἡμέτερα

383 1635 494 1711 ποθεῖς
512 1632 641 1715 ἀκούειν,
662 1634 769 1715 (ὦδῖνω
786 1633 820 1706 δὲ
840 1634 891 1706 καῖ
914 1636 1011 1716 αὗπός
1031 1638 1114 1727 πρός
1132 1670 1206 1711 τινα

382 1783 525 1869 ἐξειπεῖν,
537 1785 628 1855 εῖτον
637 1790 674 1855 ἂν
682 1781 772 1874 τόχα
780 1786 836 1858 καῖ
845 1791 959 1857 τοῖσδε
969 1796 1040 1866 τοῖς
1049 1784 1208 1873 καλάμοις

382 1939 467 2003 κατὰ
482 1932 542 2004 τόν
555 1936 663 2017 μῖθον,
681 1935 711 2003 αι’
722 1938 767 2018 μή
784 1967 838 2006 σοι
858 1937 1088 2025 προσέτυχον),
1106 1937 1208 2027 ὄχθας

381 2078 439 2165 μῖν
454 2082 580 2152 Νεῖλον
593 2079 696 2153 πόσόε
711 2082 762 2153 καῖ
778 2087 901 2155 Νεῖλον
918 2085 1143 2171 ιῖπολῖπωμεν·
1170 2089 1208 2158 οό

384 2228 452 2321 γὰρ
474 2230 529 2314 ἦὸῖι
547 2232 755 2323 μακροτέρων
774 2164 978 2323 ὃιηγημόέων
992 2235 1209 2326 ἀκροατήριον

383 2380 489 2460 τόπος
509 2381 602 2465 ἦλῖον
622 2383 812 2475 μεσημβρίᾳ
836 2385 1044 2474 φλεγόμενος,
1068 2383 1151 2475 πρός
1172 2384 1208 2458 δὲ

382 2529 441 2613 τὴν
459 2533 569 2615 κιόμην,
587 2537 622 2616 ἣν
642 2532 720 2624 όρᾷς
739 2531 870 2622 όντικρῖι
889 2533 1033 2618 κειμένην,
1055 2534 1156 2619 ῖωμεν,
1179 2536 1209 2606 εῖ

381 2685 426 2764 μή
447 2681 486 2753 πῖ
503 2712 542 2752 σε
565 2682 841 2773 προῦργιαῖτερον
862 2683 1058 2774 ιἰτασχολεῖ.
1104 2690 1207 2760 Ξενιῶ

383 2830 419 2901 δι’
436 2862 477 2901 σε
499 2832 554 2902 οιῖκ
576 2833 608 2903 ἐν
632 2832 772 2916 ἐμαιποῦ
794 2832 871 2903 ἀλλ’
893 2835 925 2904 ε’ν
946 2833 1058 2924 ιῖνὸρός
1080 2833 1209 2923 ἆγαθοιῖ

384 2977 465 3064 κόμῖ
479 2982 518 3058 ὡς
540 2980 642 3063 ἱκέτην
662 2983 898 3069 ὑποδεξαμένου
913 2988 992 3073 παρ’
1008 2982 1032 3073 ᾧ
1046 2985 1155 3072 γνώσῃ
1169 3015 1210 3056 τε

383 3128 474 3212 τᾶμὰ
489 3130 695 3215 βουλόμενος,
710 3131 857 3215 ἀναθήσει
874 3138 902 3202 δ’
914 3134 946 3203 ε’ν
959 3133 1048 3222 με’ρει
1064 3129 1109 3205 πῖι
1123 3130 1209 3205 κατὰ

383 3277 513 3348 σαυτόν.
553 3278 676 3364 Ἴωμεν,
697 3281 758 3369 ἔφη
782 3282 801 3352 ό
825 3283 965 3365 Κνήμων,
987 3279 1039 3352 καῖ
1061 3279 1129 3372 γόρ
1150 3313 1209 3366 μοι
