<?xml version="1.0" encoding="UTF-8"?>
<!DOCTYPE html PUBLIC "-//W3C//DTD XHTML 1.0 Transitional//EN"
    "http://www.w3.org/TR/xhtml1/DTD/xhtml1-transitional.dtd">
<html xmlns="http://www.w3.org/1999/xhtml" xml:lang="en" lang="en">
 <head>
  <title>
</title>
<meta http-equiv="Content-Type" content="text/html;charset=utf-8" />
  <meta name='ocr-system' content='tesseract 3.04.00' />
  <meta name='ocr-capabilities' content='ocr_page ocr_carea ocr_par ocr_line ocrx_word'/>
</head>
<body>
  <div class='ocr_page' id='page_1' title='image "./aethiopica00cologoog/aethiopica00cologoog_0083.png"; bbox 0 0 3016 5580; ppageno 0'>
   <div class='ocr_carea' id='block_1_1' title="bbox 545 572 1086 645">
    <p class='ocr_par' dir='ltr' id='par_1_1' title="bbox 545 572 1086 645">
     <span class='ocr_line' id='line_1_1' title="bbox 545 572 1086 645; baseline -0.004 -3"><span class='ocrx_word' id='word_1_1' title='bbox 545 594 578 642; x_wconf 92' lang='lat'>11</span> <span class='ocrx_word' id='word_1_2' title='bbox 823 572 1086 645; x_wconf 87' lang='grc' dir='ltr'><strong>ΗΛΙΟΔΩΡΟΣ</strong></span> 
     </span>
    </p>
   </div>
   <div class='ocr_carea' id='block_1_2' title="bbox 443 765 1369 1737">
    <p class='ocr_par' dir='ltr' id='par_1_2' title="bbox 443 765 1364 1109">
     <span class='ocr_line' id='line_1_2' title="bbox 539 765 1363 858; baseline -0.002 -20"><span class='ocrx_word' id='word_1_3' title='bbox 539 770 679 857; x_wconf 77' lang='grc' dir='ltr'>ἔμφασις</span> <span class='ocrx_word' id='word_1_4' title='bbox 697 768 755 840; x_wconf 72' lang='grc' dir='ltr'>καί</span> <span class='ocrx_word' id='word_1_5' title='bbox 770 765 909 846; x_wconf 79' lang='grc' dir='ltr'>κάλλους</span> <span class='ocrx_word' id='word_1_6' title='bbox 929 769 1011 858; x_wconf 81' lang='grc' dir='ltr'>ὄψις</span> <span class='ocrx_word' id='word_1_7' title='bbox 1025 768 1076 838; x_wconf 84' lang='grc' dir='ltr'>καί</span> <span class='ocrx_word' id='word_1_8' title='bbox 1097 766 1275 857; x_wconf 70' lang='grc' dir='ltr'>λῃστρικὸν</span> <span class='ocrx_word' id='word_1_9' title='bbox 1289 767 1363 850; x_wconf 82' lang='grc' dir='ltr'>ἦθος</span> 
     </span>
     <span class='ocr_line' id='line_1_3' title="bbox 542 889 1364 983; baseline 0 -18"><span class='ocrx_word' id='word_1_10' title='bbox 542 895 624 965; x_wconf 71' lang='grc' dir='ltr'>οἶδεν</span> <span class='ocrx_word' id='word_1_11' title='bbox 636 889 836 966; x_wconf 77' lang='grc' dir='ltr'>ὑποτάττειν</span> <span class='ocrx_word' id='word_1_12' title='bbox 849 892 900 965; x_wconf 79' lang='grc' dir='ltr'>καί</span> <span class='ocrx_word' id='word_1_13' title='bbox 916 901 1046 983; x_wconf 76' lang='grc' dir='ltr'>κρατεῖν</span> <span class='ocrx_word' id='word_1_14' title='bbox 1059 892 1113 964; x_wconf 85' lang='grc' dir='ltr'>καί</span> <span class='ocrx_word' id='word_1_15' title='bbox 1128 897 1192 965; x_wconf 84' lang='grc' dir='ltr'>τῶν</span> <span class='ocrx_word' id='word_1_16' title='bbox 1203 889 1364 983; x_wconf 88' lang='grc' dir='ltr'>αὑχμηρο·</span> 
     </span>
     <span class='ocr_line' id='line_1_4' title="bbox 443 1019 648 1109; baseline -0.005 -17"><span class='ocrx_word' id='word_1_17' title='bbox 443 1105 445 1109; x_wconf 11' lang='lat' dir='ltr'>y</span> <span class='ocrx_word' id='word_1_18' title='bbox 541 1019 648 1109; x_wconf 87' lang='grc' dir='ltr'>τέρον.</span> 
     </span>
    </p>

    <p class='ocr_par' dir='ltr' id='par_1_3' title="bbox 541 1141 1369 1737">
     <span class='ocr_line' id='line_1_5' title="bbox 584 1141 1365 1234; baseline 0 -19"><span class='ocrx_word' id='word_1_19' title='bbox 584 1144 636 1216; x_wconf 85' lang='grc' dir='ltr'>Ε’.</span> <span class='ocrx_word' id='word_1_20' title='bbox 684 1143 963 1234; x_wconf 79' lang='grc' dir='ltr'>Παραμείψαντες</span> <span class='ocrx_word' id='word_1_21' title='bbox 987 1146 1039 1215; x_wconf 86' lang='grc' dir='ltr'>οὑν</span> <span class='ocrx_word' id='word_1_22' title='bbox 1065 1144 1144 1215; x_wconf 80' lang='grc' dir='ltr'>ὅσον</span> <span class='ocrx_word' id='word_1_23' title='bbox 1165 1145 1222 1215; x_wconf 87' lang='grc' dir='ltr'>δύο</span> <span class='ocrx_word' id='word_1_24' title='bbox 1244 1141 1365 1215; x_wconf 86' lang='grc' dir='ltr'>στάδια</span> 
     </span>
     <span class='ocr_line' id='line_1_6' title="bbox 541 1266 1366 1358; baseline 0 -19"><span class='ocrx_word' id='word_1_25' title='bbox 541 1268 601 1339; x_wconf 79' lang='grc' dir='ltr'>τὸν</span> <span class='ocrx_word' id='word_1_26' title='bbox 613 1266 774 1358; x_wconf 82' lang='grc' dir='ltr'>αι’γιαλδν,</span> <span class='ocrx_word' id='word_1_27' title='bbox 787 1268 1007 1357; x_wconf 81' lang='grc' dir='ltr'>έκτραπέντες,</span> <span class='ocrx_word' id='word_1_28' title='bbox 1021 1267 1094 1338; x_wconf 88' lang='grc' dir='ltr'>εύθὺ</span> <span class='ocrx_word' id='word_1_29' title='bbox 1106 1275 1169 1340; x_wconf 85' lang='grc' dir='ltr'>τοὺ</span> <span class='ocrx_word' id='word_1_30' title='bbox 1179 1268 1272 1358; x_wconf 82' lang='grc' dir='ltr'>ὅρους</span> <span class='ocrx_word' id='word_1_31' title='bbox 1284 1268 1366 1358; x_wconf 79' lang='grc' dir='ltr'>πρὸς</span> 
     </span>
     <span class='ocr_line' id='line_1_7' title="bbox 541 1389 1365 1484; baseline -0.001 -20"><span class='ocrx_word' id='word_1_32' title='bbox 541 1399 587 1464; x_wconf 81' lang='grc' dir='ltr'>τὰ</span> <span class='ocrx_word' id='word_1_33' title='bbox 617 1393 713 1483; x_wconf 84' lang='grc' dir='ltr'>ὄρθια</span> <span class='ocrx_word' id='word_1_34' title='bbox 746 1393 891 1482; x_wconf 76' lang='grc' dir='ltr'><strong><em>ἐχώρουν,</em></strong></span> <span class='ocrx_word' id='word_1_35' title='bbox 923 1392 983 1475; x_wconf 70' lang='grc' dir='ltr'>τὴν</span> <span class='ocrx_word' id='word_1_36' title='bbox 1015 1389 1189 1464; x_wconf 88' lang='grc' dir='ltr'>θάλατταν</span> <span class='ocrx_word' id='word_1_37' title='bbox 1217 1393 1249 1464; x_wconf 86' lang='grc' dir='ltr'>έν</span> <span class='ocrx_word' id='word_1_38' title='bbox 1278 1392 1365 1484; x_wconf 75' lang='grc' dir='ltr'>δεξιᾷ</span> 
     </span>
     <span class='ocr_line' id='line_1_8' title="bbox 544 1514 1368 1609; baseline -0.002 -18"><span class='ocrx_word' id='word_1_39' title='bbox 544 1515 761 1604; x_wconf 84' lang='grc' dir='ltr'>ποιησάμενοι,</span> <span class='ocrx_word' id='word_1_40' title='bbox 797 1517 848 1590; x_wconf 78' lang='grc' dir='ltr'>καί</span> <span class='ocrx_word' id='word_1_41' title='bbox 887 1514 1086 1608; x_wconf 74' lang='grc' dir='ltr'>ὑπερβάντες</span> <span class='ocrx_word' id='word_1_42' title='bbox 1121 1521 1273 1609; x_wconf 77' lang='grc' dir='ltr'>χαλεπῶς</span> <span class='ocrx_word' id='word_1_43' title='bbox 1309 1514 1368 1597; x_wconf 80' lang='grc' dir='ltr'>τάς</span> 
     </span>
     <span class='ocr_line' id='line_1_9' title="bbox 544 1642 1369 1737; baseline -0.001 -20"><span class='ocrx_word' id='word_1_44' title='bbox 544 1644 715 1737; x_wconf 72' lang='grc' dir='ltr'>ἀκρωρείας</span> <span class='ocrx_word' id='word_1_45' title='bbox 737 1645 794 1716; x_wconf 77' lang='grc' dir='ltr'>ἐπί</span> <span class='ocrx_word' id='word_1_46' title='bbox 817 1676 890 1717; x_wconf 93' lang='grc' dir='ltr'>τινα</span> <span class='ocrx_word' id='word_1_47' title='bbox 912 1645 1023 1730; x_wconf 77' lang='grc' dir='ltr'>λίμνην</span> <span class='ocrx_word' id='word_1_48' title='bbox 1044 1642 1129 1718; x_wconf 74' lang='grc' dir='ltr'>ιιατίι</span> <span class='ocrx_word' id='word_1_49' title='bbox 1144 1645 1286 1736; x_wconf 84' lang='grc' dir='ltr'>θατέραν</span> <span class='ocrx_word' id='word_1_50' title='bbox 1307 1651 1369 1717; x_wconf 85' lang='grc' dir='ltr'>τοὺ</span> 
     </span>
    </p>
   </div>
   <div class='ocr_carea' id='block_1_3' title="bbox 544 1766 1369 1860">
    <p class='ocr_par' dir='ltr' id='par_1_4' title="bbox 544 1766 1369 1860">
     <span class='ocr_line' id='line_1_10' title="bbox 544 1766 1369 1860; baseline -0.001 -19"><span class='ocrx_word' id='word_1_51' title='bbox 544 1771 637 1860; x_wconf 84' lang='grc' dir='ltr'>ὅρους</span> <span class='ocrx_word' id='word_1_52' title='bbox 652 1766 795 1859; x_wconf 79' lang='grc' dir='ltr'>πλευράν</span> <span class='ocrx_word' id='word_1_53' title='bbox 812 1769 1059 1859; x_wconf 87' lang='grc' dir='ltr'>ὑπερτείνουσαν</span> <span class='ocrx_word' id='word_1_54' title='bbox 1075 1770 1261 1859; x_wconf 79' lang='grc' dir='ltr'>ἤπείγοντο.</span> <span class='ocrx_word' id='word_1_55' title='bbox 1299 1769 1369 1840; x_wconf 91' lang='grc' dir='ltr'>Ἦν</span> 
     </span>
    </p>
   </div>
   <div class='ocr_carea' id='block_1_4' title="bbox 499 1865 1365 2007">
    <p class='ocr_par' dir='ltr' id='par_1_5' title="bbox 499 1865 1365 2007">
     <span class='ocr_line' id='line_1_11' title="bbox 499 1865 1365 2007; baseline -0.001 -41"><span class='ocrx_word' id='word_1_56' title='bbox 499 1865 527 2007; x_wconf 39' lang='grc' dir='ltr'>ί]</span> <span class='ocrx_word' id='word_1_57' title='bbox 544 1893 578 1966; x_wconf 77' lang='grc' dir='ltr'>δέ</span> <span class='ocrx_word' id='word_1_58' title='bbox 592 1890 704 1966; x_wconf 81' lang='grc' dir='ltr'>τοιάδε</span> <span class='ocrx_word' id='word_1_59' title='bbox 717 1925 775 1972; x_wconf 91' lang='grc' dir='ltr'>τις.</span> <span class='ocrx_word' id='word_1_60' title='bbox 823 1894 986 1965; x_wconf 81' lang='grc' dir='ltr'>Βουκολια</span> <span class='ocrx_word' id='word_1_61' title='bbox 999 1892 1057 1978; x_wconf 77' lang='grc' dir='ltr'>μίν</span> <span class='ocrx_word' id='word_1_62' title='bbox 1070 1895 1201 1979; x_wconf 77' lang='grc' dir='ltr'>σύμπας</span> <span class='ocrx_word' id='word_1_63' title='bbox 1215 1893 1365 1976; x_wconf 82' lang='grc' dir='ltr'>κέκληται</span> 
     </span>
    </p>
   </div>
   <div class='ocr_carea' id='block_1_5' title="bbox 485 2010 1372 3601">
    <p class='ocr_par' dir='ltr' id='par_1_6' title="bbox 485 2010 1372 3601">
     <span class='ocr_line' id='line_1_12' title="bbox 485 2010 1369 2109; baseline 0.002 -19"><span class='ocrx_word' id='word_1_64' title='bbox 485 2010 521 2059; x_wconf 34' lang='grc' dir='ltr'>χῗ</span> <span class='ocrx_word' id='word_1_65' title='bbox 545 2019 628 2109; x_wconf 85' lang='grc' dir='ltr'>πρὸς</span> <span class='ocrx_word' id='word_1_66' title='bbox 647 2018 838 2109; x_wconf 75' lang='grc' dir='ltr'>Αἰγυπτίων</span> <span class='ocrx_word' id='word_1_67' title='bbox 858 2021 877 2089; x_wconf 89' lang='grc' dir='ltr'>ὑ</span> <span class='ocrx_word' id='word_1_68' title='bbox 898 2020 1016 2098; x_wconf 80' lang='grc' dir='ltr'>τόπος·</span> <span class='ocrx_word' id='word_1_69' title='bbox 1041 2021 1114 2091; x_wconf 82' lang='grc' dir='ltr'>ἔστι</span> <span class='ocrx_word' id='word_1_70' title='bbox 1136 2018 1170 2090; x_wconf 85' lang='grc' dir='ltr'>δέ</span> <span class='ocrx_word' id='word_1_71' title='bbox 1186 2018 1298 2098; x_wconf 77' lang='grc' dir='ltr'>κοιλὰς</span> <span class='ocrx_word' id='word_1_72' title='bbox 1312 2028 1369 2102; x_wconf 78' lang='grc' dir='ltr'>τῆς</span> 
     </span>
     <span class='ocr_line' id='line_1_13' title="bbox 545 2141 1368 2232; baseline 0 -19"><span class='ocrx_word' id='word_1_73' title='bbox 545 2142 659 2215; x_wconf 87' lang='grc' dir='ltr'>αὑτόθι</span> <span class='ocrx_word' id='word_1_74' title='bbox 690 2150 756 2232; x_wconf 76' lang='grc' dir='ltr'>γῆς,</span> <span class='ocrx_word' id='word_1_75' title='bbox 784 2147 846 2214; x_wconf 83' lang='grc' dir='ltr'>τοῦ</span> <span class='ocrx_word' id='word_1_76' title='bbox 874 2141 1002 2214; x_wconf 80' lang='grc' dir='ltr'>Νείλου</span> <span class='ocrx_word' id='word_1_77' title='bbox 1029 2144 1252 2232; x_wconf 81' lang='grc' dir='ltr'>ὑπερεκχύσεις</span> <span class='ocrx_word' id='word_1_78' title='bbox 1280 2141 1368 2221; x_wconf 82' lang='grc' dir='ltr'>τινάς</span> 
     </span>
     <span class='ocr_line' id='line_1_14' title="bbox 546 2263 1368 2357; baseline 0.002 -21"><span class='ocrx_word' id='word_1_79' title='bbox 546 2265 763 2355; x_wconf 76' lang='grc' dir='ltr'>ὑποδεχομένη</span> <span class='ocrx_word' id='word_1_80' title='bbox 777 2263 828 2335; x_wconf 80' lang='grc' dir='ltr'>καί</span> <span class='ocrx_word' id='word_1_81' title='bbox 844 2266 939 2352; x_wconf 81' lang='grc' dir='ltr'>λίμνη</span> <span class='ocrx_word' id='word_1_82' title='bbox 954 2267 1137 2357; x_wconf 75' lang='grc' dir='ltr'>γιγνομένη,</span> <span class='ocrx_word' id='word_1_83' title='bbox 1154 2265 1197 2339; x_wconf 83' lang='grc' dir='ltr'>τὸ</span> <span class='ocrx_word' id='word_1_84' title='bbox 1212 2265 1269 2352; x_wconf 77' lang='grc' dir='ltr'>μέν</span> <span class='ocrx_word' id='word_1_85' title='bbox 1283 2265 1368 2340; x_wconf 79' lang='grc' dir='ltr'>κατὰ</span> 
     </span>
     <span class='ocr_line' id='line_1_15' title="bbox 544 2388 1369 2484; baseline 0.004 -21"><span class='ocrx_word' id='word_1_86' title='bbox 544 2391 644 2477; x_wconf 90' lang='grc' dir='ltr'>μέσον</span> <span class='ocrx_word' id='word_1_87' title='bbox 668 2388 774 2481; x_wconf 83' lang='grc' dir='ltr'>βάθος</span> <span class='ocrx_word' id='word_1_88' title='bbox 798 2390 943 2481; x_wconf 79' lang='grc' dir='ltr'>ἄπειρον,</span> <span class='ocrx_word' id='word_1_89' title='bbox 969 2392 1044 2483; x_wconf 81' lang='grc' dir='ltr'>περί</span> <span class='ocrx_word' id='word_1_90' title='bbox 1071 2391 1106 2463; x_wconf 80' lang='grc' dir='ltr'>δέ</span> <span class='ocrx_word' id='word_1_91' title='bbox 1127 2390 1186 2472; x_wconf 80' lang='grc' dir='ltr'>τάς</span> <span class='ocrx_word' id='word_1_92' title='bbox 1207 2391 1305 2484; x_wconf 84' lang='grc' dir='ltr'>ι’ίκρας</span> <span class='ocrx_word' id='word_1_93' title='bbox 1326 2395 1369 2473; x_wconf 83' lang='grc' dir='ltr'>είς</span> 
     </span>
     <span class='ocr_line' id='line_1_16' title="bbox 544 2514 1370 2609; baseline 0.002 -20"><span class='ocrx_word' id='word_1_94' title='bbox 544 2518 622 2594; x_wconf 80' lang='grc' dir='ltr'>έλος</span> <span class='ocrx_word' id='word_1_95' title='bbox 636 2517 900 2590; x_wconf 80' lang='grc' dir='ltr'>άπατελεντῶσα.</span> <span class='ocrx_word' id='word_1_96' title='bbox 941 2518 987 2589; x_wconf 81' lang='grc' dir='ltr'>Ὃ</span> <span class='ocrx_word' id='word_1_97' title='bbox 1005 2514 1073 2609; x_wconf 78' lang='grc' dir='ltr'>γάρ</span> <span class='ocrx_word' id='word_1_98' title='bbox 1093 2527 1166 2598; x_wconf 79' lang='grc' dir='ltr'>ταῖς</span> <span class='ocrx_word' id='word_1_99' title='bbox 1187 2516 1370 2599; x_wconf 82' lang='grc' dir='ltr'>θαλάτταις</span> 
     </span>
     <span class='ocr_line' id='line_1_17' title="bbox 545 2640 1364 2734; baseline 0.002 -22"><span class='ocrx_word' id='word_1_100' title='bbox 545 2640 701 2731; x_wconf 76' lang='grc' dir='ltr'>αἰγιαλοὶ,</span> <span class='ocrx_word' id='word_1_101' title='bbox 718 2647 822 2713; x_wconf 87' lang='grc' dir='ltr'>τοὺτο</span> <span class='ocrx_word' id='word_1_102' title='bbox 836 2650 909 2718; x_wconf 79' lang='grc' dir='ltr'>ταῖς</span> <span class='ocrx_word' id='word_1_103' title='bbox 923 2642 1048 2726; x_wconf 90' lang='grc' dir='ltr'>λίμναις</span> <span class='ocrx_word' id='word_1_104' title='bbox 1061 2641 1106 2713; x_wconf 83' lang='grc' dir='ltr'>τὰ</span> <span class='ocrx_word' id='word_1_105' title='bbox 1127 2645 1190 2726; x_wconf 84' lang='grc' dir='ltr'>έλη</span> <span class='ocrx_word' id='word_1_106' title='bbox 1205 2644 1364 2734; x_wconf 88' lang='grc' dir='ltr'>γίγνεται.</span> 
     </span>
     <span class='ocr_line' id='line_1_18' title="bbox 546 2763 1370 2856; baseline 0.005 -23"><span class='ocrx_word' id='word_1_107' title='bbox 546 2767 602 2834; x_wconf 83' lang='grc' dir='ltr'>Ἐν</span> <span class='ocrx_word' id='word_1_108' title='bbox 631 2763 666 2846; x_wconf 76' lang='grc' dir='ltr'>δίη</span> <span class='ocrx_word' id='word_1_109' title='bbox 696 2766 835 2845; x_wconf 79' lang='grc' dir='ltr'>τούτοις,</span> <span class='ocrx_word' id='word_1_110' title='bbox 864 2763 943 2834; x_wconf 80' lang='grc' dir='ltr'>ὅσον</span> <span class='ocrx_word' id='word_1_111' title='bbox 971 2764 1163 2854; x_wconf 78' lang='grc' dir='ltr'>Αἰγυπτίων</span> <span class='ocrx_word' id='word_1_112' title='bbox 1192 2766 1370 2856; x_wconf 73' lang='grc' dir='ltr'>λῃστρικὸν</span> 
     </span>
     <span class='ocr_line' id='line_1_19' title="bbox 546 2886 1369 2979; baseline 0.004 -22"><span class='ocrx_word' id='word_1_113' title='bbox 546 2893 768 2967; x_wconf 83' lang='grc' dir='ltr'>πολιτεύεται,</span> <span class='ocrx_word' id='word_1_114' title='bbox 800 2889 819 2958; x_wconf 87' lang='grc' dir='ltr'>ὁ</span> <span class='ocrx_word' id='word_1_115' title='bbox 849 2886 906 2972; x_wconf 77' lang='grc' dir='ltr'>μέν</span> <span class='ocrx_word' id='word_1_116' title='bbox 937 2887 990 2959; x_wconf 83' lang='grc' dir='ltr'>ε’πί</span> <span class='ocrx_word' id='word_1_117' title='bbox 1020 2896 1080 2978; x_wconf 76' lang='grc' dir='ltr'>γῆς</span> <span class='ocrx_word' id='word_1_118' title='bbox 1108 2889 1229 2979; x_wconf 81' lang='grc' dir='ltr'>ὀλίγης,</span> <span class='ocrx_word' id='word_1_119' title='bbox 1264 2891 1295 2960; x_wconf 78' lang='grc' dir='ltr'>εἴ</span> <span class='ocrx_word' id='word_1_120' title='bbox 1324 2890 1369 2976; x_wconf 76' lang='grc' dir='ltr'><strong><em>πῇ</em></strong></span> 
     </span>
     <span class='ocr_line' id='line_1_20' title="bbox 545 3010 1366 3101; baseline 0.001 -18"><span class='ocrx_word' id='word_1_121' title='bbox 545 3043 595 3090; x_wconf 93' lang='grc' dir='ltr'>τις</span> <span class='ocrx_word' id='word_1_122' title='bbox 619 3010 765 3100; x_wconf 75' lang='grc' dir='ltr'>ὑπερέχει</span> <span class='ocrx_word' id='word_1_123' title='bbox 787 3017 852 3082; x_wconf 82' lang='grc' dir='ltr'>τού</span> <span class='ocrx_word' id='word_1_124' title='bbox 871 3016 995 3093; x_wconf 90' lang='grc' dir='ltr'>ύδατος,</span> <span class='ocrx_word' id='word_1_125' title='bbox 1016 3013 1159 3099; x_wconf 83' lang='grc' dir='ltr'>καλύβην</span> <span class='ocrx_word' id='word_1_126' title='bbox 1182 3011 1366 3101; x_wconf 79' lang='grc' dir='ltr'>πηξάμενος,</span> 
     </span>
     <span class='ocr_line' id='line_1_21' title="bbox 545 3131 1369 3227; baseline 0.002 -20"><span class='ocrx_word' id='word_1_127' title='bbox 545 3137 564 3207; x_wconf 88' lang='grc' dir='ltr'><strong><em>ὁ</em></strong></span> <span class='ocrx_word' id='word_1_128' title='bbox 593 3140 621 3207; x_wconf 85' lang='grc' dir='ltr'>δ’</span> <span class='ocrx_word' id='word_1_129' title='bbox 655 3135 710 3207; x_wconf 64' lang='lat' dir='ltr'>bx}</span> <span class='ocrx_word' id='word_1_130' title='bbox 746 3131 890 3225; x_wconf 83' lang='grc' dir='ltr'>σκάφους</span> <span class='ocrx_word' id='word_1_131' title='bbox 923 3137 1075 3226; x_wconf 85' lang='grc' dir='ltr'>βιοτεύει,</span> <span class='ocrx_word' id='word_1_132' title='bbox 1113 3140 1292 3227; x_wconf 82' lang='grc' dir='ltr'>πορθμεῖον</span> <span class='ocrx_word' id='word_1_133' title='bbox 1326 3138 1369 3211; x_wconf 80' lang='grc' dir='ltr'>τὸ</span> 
     </span>
     <span class='ocr_line' id='line_1_22' title="bbox 545 3260 1370 3352; baseline 0 -20"><span class='ocrx_word' id='word_1_134' title='bbox 545 3261 626 3334; x_wconf 85' lang='grc' dir='ltr'>αύτδ</span> <span class='ocrx_word' id='word_1_135' title='bbox 652 3260 704 3332; x_wconf 81' lang='grc' dir='ltr'>καί</span> <span class='ocrx_word' id='word_1_136' title='bbox 734 3262 915 3351; x_wconf 81' lang='grc' dir='ltr'>οἰκητήριον</span> <span class='ocrx_word' id='word_1_137' title='bbox 941 3264 1026 3352; x_wconf 82' lang='grc' dir='ltr'>έχων.</span> <span class='ocrx_word' id='word_1_138' title='bbox 1082 3262 1160 3332; x_wconf 83' lang='grc' dir='ltr'>Ἐπ’</span> <span class='ocrx_word' id='word_1_139' title='bbox 1188 3264 1290 3335; x_wconf 81' lang='grc' dir='ltr'>αὑτοῦ</span> <span class='ocrx_word' id='word_1_140' title='bbox 1312 3261 1370 3347; x_wconf 79' lang='grc' dir='ltr'>μέν</span> 
     </span>
     <span class='ocr_line' id='line_1_23' title="bbox 545 3386 1367 3478; baseline 0.001 -22"><span class='ocrx_word' id='word_1_141' title='bbox 545 3387 656 3463; x_wconf 86' lang='grc' dir='ltr'>αὑτοῖς</span> <span class='ocrx_word' id='word_1_142' title='bbox 682 3393 718 3456; x_wconf 78' lang='grc' dir='ltr'>αι’</span> <span class='ocrx_word' id='word_1_143' title='bbox 742 3394 885 3475; x_wconf 80' lang='grc' dir='ltr'>γυναῖκες</span> <span class='ocrx_word' id='word_1_144' title='bbox 909 3386 1109 3478; x_wconf 86' lang='grc' dir='ltr'>ε’ριθεύουσιν,</span> <span class='ocrx_word' id='word_1_145' title='bbox 1136 3387 1188 3456; x_wconf 77' lang='grc' dir='ltr'>ἐπ’</span> <span class='ocrx_word' id='word_1_146' title='bbox 1216 3386 1318 3458; x_wconf 86' lang='grc' dir='ltr'>αύτοὺ</span> <span class='ocrx_word' id='word_1_147' title='bbox 1339 3390 1367 3457; x_wconf 87' lang='grc' dir='ltr'>δ’</span> 
     </span>
     <span class='ocr_line' id='line_1_24' title="bbox 548 3505 1372 3601; baseline 0.002 -22"><span class='ocrx_word' id='word_1_148' title='bbox 548 3508 792 3581; x_wconf 84' lang='grc' dir='ltr'>ἆποτίιιτουσιν.</span> <span class='ocrx_word' id='word_1_149' title='bbox 840 3511 883 3580; x_wconf 67' lang='lat' dir='ltr'>Et*</span> <span class='ocrx_word' id='word_1_150' title='bbox 902 3508 935 3581; x_wconf 80' lang='grc' dir='ltr'>δὲ</span> <span class='ocrx_word' id='word_1_151' title='bbox 950 3510 1083 3601; x_wconf 89' lang='grc' dir='ltr'>γένοιτο</span> <span class='ocrx_word' id='word_1_152' title='bbox 1103 3509 1238 3591; x_wconf 88' lang='grc' dir='ltr'>παιδίον,</span> <span class='ocrx_word' id='word_1_153' title='bbox 1256 3505 1300 3581; x_wconf 76' lang='grc' dir='ltr'>τά</span> <span class='ocrx_word' id='word_1_154' title='bbox 1315 3508 1372 3596; x_wconf 76' lang='grc' dir='ltr'>μὲν</span> 
     </span>
    </p>
   </div>
   <div class='ocr_carea' id='block_1_6' title="bbox 547 3635 1370 3730">
    <p class='ocr_par' dir='ltr' id='par_1_7' title="bbox 547 3635 1370 3730">
     <span class='ocr_line' id='line_1_25' title="bbox 547 3635 1370 3730; baseline 0 -22"><span class='ocrx_word' id='word_1_155' title='bbox 547 3641 663 3727; x_wconf 79' lang='grc' dir='ltr'>πρῶτα</span> <span class='ocrx_word' id='word_1_156' title='bbox 678 3635 726 3727; x_wconf 73' lang='grc' dir='ltr'>τῷ</span> <span class='ocrx_word' id='word_1_157' title='bbox 740 3636 877 3730; x_wconf 73' lang='grc' dir='ltr'>μητρῴῳ</span> <span class='ocrx_word' id='word_1_158' title='bbox 891 3635 1048 3728; x_wconf 84' lang='grc' dir='ltr'>γάλακτι,</span> <span class='ocrx_word' id='word_1_159' title='bbox 1061 3635 1105 3710; x_wconf 81' lang='grc' dir='ltr'>τὰ</span> <span class='ocrx_word' id='word_1_160' title='bbox 1120 3642 1147 3709; x_wconf 86' lang='grc' dir='ltr'>δ’</span> <span class='ocrx_word' id='word_1_161' title='bbox 1166 3637 1233 3709; x_wconf 78' lang='grc' dir='ltr'>ὑπὸ</span> <span class='ocrx_word' id='word_1_162' title='bbox 1248 3638 1370 3709; x_wconf 88' lang='grc' dir='ltr'>τούτου</span> 
     </span>
    </p>
   </div>
   <div class='ocr_carea' id='block_1_7' title="bbox 0 0 1523 5580">
    <p class='ocr_par' dir='ltr' id='par_1_8' title="bbox 0 0 1523 5580">
     <span class='ocr_line' id='line_1_26' title="bbox 0 0 1523 5580; baseline 0 0"><span class='ocrx_word' id='word_1_163' title='bbox 0 0 1523 5580; x_wconf 95' lang='lat' dir='ltr'> </span> 
     </span>
    </p>
   </div>
  </div>
 </body>
</html>
