3016 5580
297 623 338 690 45
581 601 844 674 ΗΛΙΟΔΩΡΟΣ

297 800 486 890 άπείραπος,
509 795 568 877 τάς
590 797 648 884 μίν
667 799 701 868 εύ
723 795 893 887 γεγονυίας
912 795 930 878 ίη
951 790 1125 884 χρημάτων

297 949 397 1041 άφείς,
426 948 444 1033 b
474 957 531 1033 τῆς
560 949 658 1039 τύχης
685 947 781 1032 μάνης
810 945 983 1036 οἰκτείρων,
1010 940 1070 1023 τάς
1095 948 1123 1014 δ’

300 1098 460 1179 ε’λάττους
485 1098 536 1171 καί
568 1104 604 1178 δς
632 1098 791 1170 δουλεύειν
816 1096 890 1188 ούχί
916 1093 1126 1186 αι’χμαλιοσία

300 1252 430 1336 μᾶλλον
439 1245 528 1319 ιἰλλά
536 1251 684 1332 συνήθεια
692 1244 920 1336 κατηνάγκαζε,
933 1245 1128 1335 θεραπαίνας

301 1396 450 1477 ἑκάστοις
463 1397 619 1482 διανέμων.
660 1395 707 1468 Τδ
723 1395 757 1467 δὲ
772 1401 821 1468 ιύν
835 1394 950 1485 παρὸν,
968 1395 1000 1466 ἔν
1013 1425 1048 1468 τι
1063 1398 1128 1467 τῶν

301 1548 453 1639 λαφύρων
475 1548 555 1620 αι’τῶ
578 1551 658 1636 παρ’
684 1548 772 1630 ύμῶν,
797 1545 857 1629 την
877 1545 972 1636 κόρην
993 1544 1126 1628 ταυτηνί

301 1696 361 1781 τὴν
376 1697 474 1786 ξένην·
502 1702 539 1781 ἣν
555 1696 688 1770 δυνατὸν
702 1695 831 1787 ἐμαυτῷ
849 1727 891 1780 με
910 1700 1024 1776 δοῦναι,
1041 1695 1127 1784 βίλ-

303 1878 375 1919 τιον
397 1843 487 1938 παρά
510 1853 574 1919 τοῦ
593 1851 697 1919 κοινοῦ
717 1845 835 1935 λαβεῖν
863 1848 1013 1937 ἡγοῦμαι.
1060 1841 1129 1915 Καί

304 1995 373 2086 γάρ
388 1998 500 2078 εύηθες,
517 1996 577 2078 τὴν
592 1991 802 2085 αι’χμάλυιτον
816 1991 1022 2082 βιασάμενον,
1040 1994 1130 2065 ιἰιιύν·

303 2175 368 2218 τιον
387 2176 421 2217 τι
442 2149 506 2217 τῶν
524 2144 630 2233 φίλιον
647 2143 815 2235 φαίνεσθαι
837 2144 1127 2233 διαπραττόμενον.

300 2291 413 2365 Ἀλλά
435 2292 486 2364 καί
507 2294 628 2377 ταύτην
647 2294 728 2367 αι’τῶ
749 2296 828 2384 παρ’
851 2295 932 2378 ύμῶν
953 2294 989 2365 ού
1010 2301 1132 2383 προῖκα

305 2443 365 2527 τὴν
384 2440 481 2534 χάριν
502 2444 579 2515 ἁλλ’
595 2443 741 2522 άντιδούς
763 2443 805 2515 τά
831 2448 926 2529 μηδὲν
948 2442 1046 2522 αύτδς
1067 2446 1131 2515 τιῗιν

305 2593 415 2664 ἄλλων
441 2601 498 2674 τῆς
526 2593 615 2670 λείας
642 2592 852 2679 μεταλαβεῖν.
897 2591 1030 2675 Ἐπειδὴ
1060 2597 1129 2681 γδρ

306 2739 365 2823 τὴν
402 2738 564 2825 πάνδημον
597 2739 801 2830 Ἀφροδίτην
842 2739 885 2811 τὸ
928 2739 1133 2830 προφητικδν

307 2888 455 2980 ἀτιμάζει
472 2891 571 2981 γένος,
590 2891 626 2962 ού
641 2898 698 2972 τῆς
712 2894 783 2962 καθ’
800 2889 907 2973 ἡδονὴν
917 2890 1028 2979 χρείας
1042 2889 1132 2960 ιἰλλδ

307 3048 365 3122 τῆς
386 3041 430 3118 είς
451 3040 601 3129 διαδοχὴν
622 3043 761 3130 σπορᾶς,
783 3045 875 3123 τήνδε
896 3038 1024 3129 ίμαντῷ
1044 3039 1132 3131 γενίε·

307 3192 386 3260 σθαι
410 3185 637 3277 διεσκεψάμην.

353 3340 405 3413 K'.
454 3339 543 3432 Ἐγὼ
563 3346 598 3411 δὲ
619 3339 671 3410 καί
700 3337 760 3418 τάς
783 3339 888 3417 αι’τίας
914 3342 985 3424 ύμῖν
1007 3339 1133 3411 άπολο·

309 3490 470 3580 γίσασθαι
507 3488 684 3578 βούλομαι.
741 3490 881 3579 Πρῶτον
915 3486 974 3572 μὲν
1010 3488 1134 3577 εύγενηι
