3016 5580
302 612 343 676 32
580 590 843 662 ΗΔΙΟΔΩΡΟΣ

301 789 486 862 λεόσασθαί
497 820 554 875 μοι
569 793 822 880 συγχωρήσασα
869 788 936 860 Καῖ
953 792 1032 871 δήλη
1047 818 1125 859 παν·

301 928 396 1007 τοίως
406 922 538 1020 ἐγένετο
548 927 644 999 κακόν
654 958 688 1000 τι
701 929 901 1010 διαθιῖσουσα
916 924 974 1009 την
988 926 1122 1015 Θίσβην.

298 1066 347 1138 Ἤ
368 1066 402 1139 δδ
420 1067 668 1156 βαρυμηνιῶσαν
689 1067 799 1156 δρῶσα
819 1063 870 1136 καῖ
896 1061 1002 1152 πόντη
1024 1071 1126 1147 λυπη·

302 1206 419 1285 θεῖσαν,
434 1202 666 1290 ἐπιβουλεῦσαι
680 1201 858 1291 πρόχειρον
868 1201 919 1272 καῖ
934 1202 994 1289 οόχ
1008 1206 1126 1283 ἥκιστα

301 1339 350 1430 τῷ
368 1370 408 1412 τε
428 1337 516 1430 θυμῷ
535 1337 587 1410 καῖ
607 1339 700 1427 ἔρωτι
717 1344 876 1426 περιμανῆ
889 1333 1123 1426 παγχόνουσαν,

302 1480 383 1568 ἔγνω
407 1477 591 1567 προλαβεῖν
619 1476 671 1547 καῖ
700 1478 824 1565 φθῆναι,
850 1507 892 1563 τη
917 1479 991 1547 κατ’
1015 1473 1127 1558 ἐκείνης

303 1616 465 1705 ἐπιβουλῇ
491 1616 652 1706 σωτηρίαν
679 1614 777 1702 ἑαυτῇ
803 1622 1037 1705 περιποιοῦσα·
1074 1616 1125 1688 καῖ

303 1756 544 1845 προσελθοῦσα,
559 1754 601 1825 Τί
613 1759 730 1836 ταῦτα,
743 1753 769 1822 δι
783 1753 946 1837 δέσποινα,
964 1755 1073 1845 ἔλεγε,
1090 1752 1130 1826 τί

301 1890 407 1978 μότην
421 1893 503 1981 ἔχεις
516 1892 548 1963 ἕν
564 1891 655 1984 αι’τῖμ
670 1891 728 1973 την
742 1891 801 1973 σην
815 1891 1041 1980 θεραπαινίδα;
1062 1890 1128 1982 ε’γῖο

301 2030 360 2114 μίν
378 2058 432 2098 σοι
455 2028 538 2117 πρὸς
556 2026 600 2099 τδ
619 2027 774 2115 βούλημα
794 2030 838 2098 τὸ
858 2024 919 2098 σόν
941 2026 993 2098 δεῖ
1012 2058 1052 2099 τε
1074 2026 1127 2097 καῖ

302 2169 351 2234 νῦν
380 2158 633 2252 όπηρεπησόμην.
691 2162 735 2231 Εῖ
761 2161 796 2232 δί
819 2192 854 2233 τι
880 2165 945 2232 τῶν
970 2160 1014 2244 μὴ
1042 2166 1126 2233 κατδ

302 2303 428 2393 γνώμην
447 2300 626 2388 ἐκβέβηκεν,
646 2299 746 2371 ἐκεῖνα
765 2297 823 2383 μίν
841 2297 884 2386 τῇ
904 2299 988 2388 τιῖχη
1008 2305 1126 2389 λογισ-

302 2439 385 2522 τῖον,
403 2438 533 2523 ἕτοιμος
553 2441 580 2508 δ’
602 2435 675 2521 εῖμῖ,
692 2438 721 2508 εί
739 2437 880 2519 κελεύεις,
899 2437 1034 2508 ἐπινοεῖν
1053 2468 1126 2509 τινα

302 2579 366 2646 τῶν
397 2573 566 2663 παρόντων
596 2573 697 2644 λόσιν.
757 2570 806 2642 'H
838 2570 880 2653 δῖ,
913 2572 980 2643 Καῖ
1012 2573 1064 2651 τῖς
1090 2579 1128 2645 δν

302 2708 448 2798 εὑρεθείη,
475 2704 634 2796 φιλτάτη,
659 2708 729 2796 ἔφη,
753 2713 817 2778 τοῦ
836 2706 1005 2790 δυναμένου
1028 2713 1125 2778 λῦσαι

301 2850 346 2916 πδ
377 2849 426 2913 νῦν
455 2840 594 2913 ε’κποδῖον
628 2841 809 2932 γεγονότος
842 2840 923 2927 κᾶμὲ
958 2849 1015 2924 τῆς
1046 2846 1125 2931 παρ’

302 2978 437 3055 ίλπῖδας
452 2980 516 3049 τῶν
532 2977 721 3066 δικαζόντων
741 2976 983 3067 φιλανθρωπίας
998 2975 1126 3047 ἆνελοό·

301 3143 377 3203 σης;
421 3118 465 3188 Εῖ
488 3113 556 3207 γὰρ
580 3117 751 3206 ε’βίβλητο
776 3124 847 3193 τοῖς
871 3116 983 3196 λίθοις,
1008 3116 1038 3186 εῖ
1058 3122 1126 3205 γὰρ

301 3253 450 3343 δνῇρητο,
468 3250 594 3332 πόντιος
614 3259 651 3323 δν
670 3251 768 3337 κᾶμοί
787 3255 983 3333 συν-τεθνήκει
1006 3249 1050 3323 τὰ
1066 3257 1127 3323 τοῦ

302 3386 432 3466 πόθους.
479 3387 526 3459 Τδ
546 3386 614 3479 γὰρ
634 3385 839 3458 ἆτελτισθέυ
858 3387 956 3475 ἅπαξ,
975 3386 1124 3475 ἐξῄρηται

1080 3547 1101 3588 Ι
