3016 5580
357 605 399 670 86
640 601 904 670 ΗΔΙΟΔΩΡΟΣ

357 798 531 888 διῃρῆσθαι
563 803 625 869 τῶν
653 803 717 869 σῶν
745 798 797 869 καὶ
831 797 952 880 κηδείας
979 799 1185 888 μεταλαβεῖν

354 934 543 1019 Ἑλληνικῆς
577 934 596 1020 ῆ
632 933 774 1008 θανάτου
805 935 993 1026 βαρυτέραν
1025 934 1102 1024 ζωῆν
1130 934 1182 1007 καὶ

359 1073 507 1164 φίλτρον
552 1073 759 1164 βαρβαρικὸν
804 1074 924 1164 ἔχθρας
971 1073 1185 1165 ἆνιαριίτερον

354 1210 512 1293 Ἀττικῆς
541 1209 719 1298 ἆνὲχεσθαι.

403 1345 470 1418 IA'.
517 1349 660 1417 Τοιαῦτα
685 1345 743 1431 μὲν
765 1349 783 1428 ῆ
805 1346 918 1434 θίσβη
940 1346 992 1418 καί
1016 1350 1035 1431 ῆ
1064 1348 1187 1426 δέλτος

359 1484 501 1572 ἔφραζεν,
520 1484 538 1553 ὁ
560 1480 593 1552 δὲ
613 1485 755 1567 Κνήμων,
766 1481 812 1552 Ὦ
834 1483 954 1566 θίσβη,
974 1484 1044 1572 ἔφη,
1067 1482 1109 1554 σὺ
1128 1482 1187 1568 μὲν

300 1630 303 1721 ᾖ
327 1625 330 1629 ’
359 1623 462 1698 καλῶς
494 1626 635 1690 ποιοῦσα
668 1620 818 1702 τέθνηκας
852 1619 904 1691 καί
940 1619 1081 1711 γίγονας
1113 1623 1187 1705 ῆμῑν

300 1792 311 1835 g
361 1755 569 1847 αὐτάγγελος
590 1762 653 1830 τῶν
677 1767 798 1842 σαυτῆς
822 1764 998 1849 συμφορῶν
1022 1759 1062 1847 ἐξ
1083 1761 1188 1832 αι’κτῶν

360 1897 577 1986 ἐγχειρίσασα
603 1901 666 1967 τῶν
694 1901 757 1967 σῶν
782 1901 920 1986 σφαγῶν
945 1896 1004 1978 τῆν
1030 1901 1184 1987 διήγησιν.

361 2037 470 2112 Οὕτως
492 2033 555 2123 ἄρα
577 2033 717 2122 τιμωρὸς
742 2034 878 2124 Ἐριννὺς
900 2043 961 2123 γῆν
984 2034 1040 2105 ε’τί
1066 2037 1185 2116 πᾶσαν,

361 2164 400 2248 δνς
421 2171 526 2253 ἔοικεν,
551 2167 727 2241 ἕλαιίνουσά
749 2202 795 2252 σε,
822 2172 859 2242 οδ
881 2170 1046 2261 πρότερον
1067 2172 1190 2255 ἔστησε

360 2306 420 2389 τῆν
434 2309 550 2379 ἔνδικον
568 2304 731 2398 μάστιγα,
748 2307 826 2398 πρίν
840 2307 891 2379 καί
913 2309 945 2378 ἕν
964 2309 1127 2399 Αίγιίττῳ
1147 2341 1189 2394 με

362 2442 570 2536 τυγχάνοντα
590 2442 650 2517 τδν
669 2445 855 2529 ἠδικημένον,
879 2445 996 2529 θιατῆν
1010 2446 1188 2529 ε’τιστῆσαι

362 2591 420 2664 τῆς
433 2579 517 2653 κατὰ
532 2589 595 2652 σοῦ
611 2590 726 2663 ποινῆς.
775 2579 885 2652 Ἀλλά
906 2583 944 2652 τί
962 2582 997 2663 ῆν
1011 2581 1083 2672 ἄρα,
1102 2581 1188 2653 δκαί

366 2713 470 2785 τάλαι
491 2747 530 2786 σε
552 2721 624 2785 κατ’
646 2717 725 2799 ἐμοῦ
745 2717 975 2804 τεχναζομίνην
996 2715 1047 2786 καί
1068 2730 1189 2806 σοφισ·

363 2853 520 2925 τεδουσαν
549 2849 599 2923 διὰ
629 2860 693 2924 τοῦ
719 2850 925 2942 γράμματος,
958 2856 975 2937 ῆ
1006 2853 1073 2936 δίκη
1107 2885 1190 2944 τρο·

364 2990 524 3080 αφείλετο
545 2993 608 3060 τῶν
626 2986 889 3079 ε’γχειρημάτων;
911 2992 950 3067 ὡς
970 2989 1059 3079 κᾶγῶ
1079 3022 1118 3061 σε
1137 2991 1191 3061 καί

365 3126 503 3212 κειμένην
522 3127 584 3216 ἔχω
605 3130 645 3197 δι’
668 3126 818 3215 ὑποψίας
839 3125 890 3197 καί
912 3128 1045 3217 σφόδρα
1065 3127 1192 3201 δέδοικα

364 3263 408 3348 μῆ
434 3263 485 3333 καί
509 3260 650 3348 πλάσμα
676 3263 768 3335 ἐστὶν
790 3267 807 3345 ῆ
832 3264 1028 3347 Δημαινίτης
1052 3271 1192 3350 τελκντῆ

364 3399 446 3485 κάμέ
466 3399 524 3485 μὲν
546 3397 717 3483 ῆπάτησαν
743 3408 777 3471 οί
798 3400 1064 3490 ἐξαγγείλαντες,
1089 3402 1131 3474 σίν
1158 3408 1193 3474 δὲ

365 3537 416 3609 καί
438 3538 625 3616 διαπόντιος
644 3545 731 3620 ἥκεις,
756 3538 870 3628 ἑτέραν
884 3542 955 3610 καθ’
978 3542 1061 3624 ῆμῶν
1081 3540 1194 3623 σκηνῆν
