3016 5580
355 616 411 682 135
636 596 898 666 ΗΛΙΟΔΩΡΟΣ

350 797 401 885 ἐφ’
415 796 513 878 αύτῆν
524 796 725 885 ε’πιστρίφιι.
765 797 863 863 Ἀλλ’
881 801 962 876 αῦτη
976 796 1114 876 τοιαύτη
1124 824 1179 870 τις

352 934 441 1014 ούσα,
458 940 557 1004 λυπεῖ
570 964 612 1016 με
626 934 730 1015 λύπην
743 932 884 1003 ἀνίατον.
929 930 1176 1021 Ἀπηγύρενται

352 1076 432 1160 παρ’
449 1069 532 1157 αύπῇ
551 1068 669 1160 γάμος·
694 1069 746 1139 καί
768 1068 969 1158 παρθενεύειν
988 1066 1048 1139 τὸν
1067 1065 1177 1139 πάντα

351 1239 407 1292 μοι
423 1208 499 1295 βίον
518 1209 709 1278 διατείνεται
731 1206 782 1276 καί
798 1206 840 1293 τῖς
857 1207 1026 1295 Ἀρτέμιδι
1042 1201 1178 1294 ζάκορον

353 1346 451 1427 αύτῆν
479 1345 643 1425 ε’πιδοῦσα,
672 1347 783 1433 θήραις
807 1349 852 1415 πδ
879 1349 993 1414 πολλδ
1019 1338 1175 1432 σχολάζει

353 1483 403 1554 καί
434 1484 527 1553 ἀσκεῖ
554 1482 692 1568 τοξείαν.
751 1480 846 1564 Ἐμοί
876 1485 904 1550 δ’
936 1480 1026 1551 ἐστίν
1056 1482 1074 1550 δ
1103 1481 1180 1568 βίος

355 1620 522 1711 ἀφύρητος
557 1619 731 1691 ἐλπίσαντι
769 1617 826 1702 μὲν
862 1618 1003 1707 ἀδελφῆς
1038 1619 1182 1702 ἐμαυτοῦ

355 1758 445 1828 παιδί
465 1759 586 1839 ταύτην
606 1757 750 1827 ἐκδώσειν
767 1755 819 1826 καί
833 1751 926 1840 μάλα
940 1760 975 1846 γ’
992 1755 1112 1845 ἀστείῳ
1126 1758 1179 1824 καί

353 1894 498 1983 χαρίεντι
515 1893 621 1983 λόγον
635 1924 675 1964 τε
689 1893 741 1963 καὶ
763 1891 838 1973 ἦθος
857 1893 1012 1982 νεανίσκῳ,
1029 1892 1180 1981 ἀποτυγ-

353 2028 485 2120 χάνοντι
501 2031 536 2100 δὲ
551 2029 603 2101 διδ
618 2031 677 2113 τὴν
691 2033 812 2112 ταύτης
827 2031 930 2112 ιἰπηνῆ
943 2029 1054 2118 κρίσιν.
1092 2032 1181 2102 Οῦπε

355 2165 424 2258 γάρ
453 2168 642 2257 θεραπεύων,
675 2169 745 2237 οὔτ’
776 2168 1071 2256 ε’παγγελλάμενας,
1104 2169 1181 2240 οῦτε

356 2303 538 2393 λογισμούς
559 2302 712 2383 ἀνακινῶν,
739 2311 850 2373 πεῖσαι
873 2305 1049 2388 δεδύνημαι·
1077 2302 1179 2384 ἀλλά,

356 2441 398 2514 τδ
420 2442 672 2532 χαλεπώτατον,
697 2449 767 2518 τοῖς
789 2443 877 2524 ε’μοῐς
899 2440 955 2523 (τὸ
975 2448 1039 2513 τοῦ
1059 2441 1179 2532 λύγου)

356 2583 430 2650 κατ’
446 2580 527 2661 ἐμοῦ
544 2578 698 2665 κέχρηται
721 2586 856 2666 πτεροῖς
875 2578 926 2648 καί
947 2578 1007 2658 την
1024 2580 1059 2647 εἰι
1072 2577 1183 2666 λύγων

356 2713 580 2801 πολυπειρίαν,
614 2718 649 2793 ἣν
683 2712 833 2794 ποικίλην
865 2709 1064 2797 ε’διδαξάμην,
1099 2712 1184 2801 πρὸς

356 2849 552 2930 κατασκευὴν
586 2855 647 2920 τοῦ
675 2848 735 2919 τὸν
763 2847 902 2937 ἄριστον
937 2847 1076 2937 ᾑρῆσθαι
1106 2849 1184 2936 βίον

356 2987 610 3065 ε’παναπείνεται,
630 2982 834 3072 ε’κθειάζαυσα
855 2983 914 3069 μὲν
934 2985 1109 3074 παρθενίαν
1129 2985 1181 3056 καὶ

357 3124 458 3215 ἔγγὺς
483 3119 648 3194 ἀθανάτων
673 3122 913 3212 ἀποφαίνουσα,
941 3120 1105 3211 ἄχραντον
1130 3122 1182 3193 καί

359 3262 520 3350 ἀκήρατον
535 3259 585 3329 καί
608 3257 807 3348 ἀδιάφθορον
822 3257 1034 3347 δνομάζονσα,
1048 3260 1185 3350 Ἔρωτα

358 3405 393 3469 δὲ
407 3399 460 3470 καί
477 3396 676 3486 Ἀφροδίτην
691 3398 742 3466 καί
764 3393 872 3467 πάντα
892 3403 1056 3485 γαμήλιον
1070 3397 1187 3469 θίασον

359 3534 672 3624 ἆποσκορακίζονσα
720 3531 812 3621 Πρὸς
831 3532 990 3614 ταῦταδῆ
1006 3540 1046 3604 σὲ
1059 3533 1186 3622 βοηθδν

360 3676 573 3757 ε’πικαλοῦμιιι
594 3669 647 3741 καί
668 3668 719 3740 διὰ
740 3677 844 3741 τοῦτο
867 3678 981 3762 καιροῦ
1000 3671 1186 3760 λαβόμενος
